3998 6100
278 525 322 586 30
853 545 880 592 s.
905 543 1188 595 nrubuonnbrs

246 660 439 738 iniquitates
463 664 497 724 et
520 663 668 726 malitiae
693 665 727 726 in
750 679 852 727 unum
877 667 1105 744 conglobatae,
1123 671 1158 730 et
1173 668 1216 730 ab
1233 666 1451 732 infernalibus
1474 671 1698 748 potestatibus
1713 673 1799 734 mis-

243 779 313 842 sae,
331 779 451 841 magna
468 767 585 827 allata
610 767 804 828 infidelitate
829 769 987 846 oporibus
1012 770 1136 832 Christi
1160 773 1194 832 el
1216 771 1386 833 Ecclesiae
1404 789 1440 834 se
1457 775 1636 850 opponunt.
1662 773 1725 834 Sed
1741 776 1795 834 ta-

244 884 321 930 men
336 883 416 946 prae
434 868 544 929 lueida
559 871 647 932 nube
665 872 722 932 illa
738 872 827 933 ultra
844 874 1025 949 procedere
1049 890 1115 935 non
1131 878 1282 952 possunt,
1307 877 1477 954 quoniam,
1503 879 1658 954 quamvis
1674 877 1790 938 fideles

244 972 359 1033 multis
376 973 637 1035 adversitatibus
655 975 859 1052 impugnent,
878 980 990 1038 tamen
1007 993 1109 1054 opera
1125 995 1243 1040 eorum
1260 980 1294 1039 in
1311 981 1444 1043 Christo
1461 983 1609 1044 lucentia
1625 981 1791 1043 offuscare

245 1089 306 1138 nec
322 1078 475 1138 evertere
491 1079 742 1154 praevalebunt.

975 1291 1070 1352 LIIII.

663 1498 854 1560 lacernatae
876 1504 914 1559 ut
939 1498 986 1559 sol
1009 1499 1181 1561 illuminat
1203 1502 1379 1562 mandam.

291 1701 343 1762 67.
360 1700 401 1764 ut
416 1702 450 1762 in
472 1703 589 1765 eadem
613 1705 725 1767 lucida
748 1706 847 1782 nube,
872 1707 923 1768 sol
945 1711 980 1768 et
1004 1708 1083 1770 luna
1105 1711 1278 1786 apparent,
1303 1708 1393 1786 quod
1415 1707 1569 1784 designat
1593 1705 1792 1768 incendere

246 1804 454 1880 virginitatis
478 1809 645 1870 occultum
669 1811 865 1886 mysterium
889 1812 1100 1874 castissimae
1124 1812 1374 1890 incarnationis,
1392 1812 1498 1890 quod,
1516 1812 1604 1873 sicut
1620 1813 1681 1889 sol,
1698 1828 1793 1873 mun-

246 1907 326 1968 dum
351 1909 532 1988 illuminat,
558 1914 591 1973 et
607 1914 696 1990 quod
712 1915 812 1975 etiam
829 1915 1012 1976 Ecclesiam
1029 1915 1194 1994 designat,
1212 1932 1298 1994 quae
1316 1917 1350 1976 in
1366 1915 1618 1992 regeneratione
1634 1914 1791 1992 baptismi

247 2009 416 2073 Christum
434 2015 599 2092 imitatur,
618 2018 898 2094 quemadmodum
915 2020 994 2080 luna
1011 2020 1115 2081 solem
1133 2021 1360 2096 subsequitur.
1376 2019 1467 2082 Unde
1484 2019 1587 2080 etiam
1603 2019 1636 2079 in
1652 2018 1723 2079 sole
1740 2018 1796 2108 leo¹

247 2117 310 2192 est,
336 2117 465 2180 scilicet
490 2119 523 2180 in
547 2122 677 2182 occulto
702 2123 873 2199 mysterio,
900 2123 989 2200 quod
1014 2123 1047 2184 in
1070 2123 1137 2186 Deo
1162 2124 1272 2200 latuit,
1298 2123 1355 2184 sed
1372 2123 1461 2200 quod
1478 2124 1590 2184 tamen
1606 2121 1792 2200 peremnia

248 2224 464 2302 resplenduit,
494 2227 651 2290 videlicet
667 2230 868 2291 miraculum
884 2229 947 2292 hoc
963 2229 1052 2308 quod
1068 2231 1156 2292 Deus
1171 2230 1271 2292 bomo
1288 2230 1361 2291 lieri
1377 2230 1495 2306 voluit,
1513 2230 1670 2307 quoniam
1687 2229 1792 2289 Filius

245 2324 306 2387 Dei
321 2327 363 2388 de
379 2331 534 2407 virginali
551 2335 694 2395 materia
709 2351 845 2397 carnem
860 2352 1047 2412 assumere,
1065 2351 1105 2396 ac
1121 2337 1171 2396 sic
1196 2337 1229 2396 in
1255 2335 1440 2398 fortissima
1463 2336 1498 2395 vi
1512 2334 1715 2410 Divinitatis,
1734 2333 1797 2394 bo*

245 2447 300 2494 mo
322 2434 416 2496 velut
438 2435 491 2498 leo
518 2453 699 2516 apparens,
732 2442 767 2502 in
790 2440 901 2504 aliena
923 2441 980 2504 vla
1002 2440 1294 2517 progrediebatur,
1328 2440 1363 2501 in
1386 2454 1452 2518 qua
1475 2439 1587 2501 nullus
1611 2438 1710 2501 bomo
1726 2437 1793 2499 nisi

249 2537 321 2616 ipse
337 2542 429 2604 solus
446 2541 600 2604 inventus
617 2545 679 2606 est.
696 2537 720 2624 Ι)

994 2755 1055 2816 LV.

744 2969 881 3048 sanam
906 2969 1121 3030 tarantasia
1145 2967 1302 3032 Ecclesia.

292 3170 345 3233 68.
369 3171 409 3233 Et
433 3173 467 3233 in
490 3176 569 3235 luna
591 3175 807 3252 capricornus
831 3178 894 3251 est,
921 3176 954 3237 id
978 3180 1030 3238 ast
1054 3177 1087 3237 in
1109 3177 1274 3252 Ecclesia,
1292 3175 1438 3238 exomni
1455 3171 1591 3252 parte2)
1609 3173 1792 3234 convocata

250 3278 368 3336 contra
383 3277 556 3354 antiquum
574 3281 774 3356 serpentem,
792 3280 924 3356 signum
940 3281 1114 3356 victoriae,
1130 3279 1189 3341 ubi
1212 3279 1370 3341 Diabolus
1393 3296 1454 3356 par
1477 3280 1589 3339 omnia
1612 3279 1794 3353 superatus

246 3383 308 3442 est.
326 3382 535 3461 Quapropter
549 3384 650 3447 etiam
669 3384 755 3446 idem
773 3385 824 3445 sol
841 3401 943 3463 supra
959 3386 1088 3446 coelum
1105 3386 1140 3445 et
1156 3385 1190 3444 in
1206 3383 1310 3460 coelo,
1327 3399 1367 3444 ac
1384 3384 1418 3443 in
1434 3386 1524 3444 terra
1540 3384 1574 3444 et
1590 3381 1710 3442 subtus
1726 3384 1798 3441 ter-

248 3502 320 3547 ram
333 3487 432 3564 lucet,
446 3489 526 3566 quia
539 3490 708 3550 occultum
720 3490 928 3566 mysterium,
941 3487 1032 3566 quod
1041 3482 1068 3568 ³)
1084 3488 1189 3550 Filius
1203 3487 1266 3549 Dei
1282 3489 1472 3548 incarnatus
1488 3488 1551 3563 est,
1566 3484 1791 3564 superomnia

245 3591 404 3653 coelestia
420 3595 550 3654 secreta
565 3597 627 3671 est3
646 3594 693 3656 ita
709 3594 798 3671 quod
814 3595 916 3654 etiam
932 3594 966 3654 in
981 3593 1183 3654 coelestibus
1198 3593 1385 3668 mysteriis,
1403 3607 1489 3668 quae
1506 3591 1616 3652 solum
1633 3589 1793 3665 coelestia

247 3695 310 3756 bus
327 3699 461 3774 cognita
476 3701 565 3776 sunt,
583 3701 738 3777 apparel,
758 3701 791 3760 el
807 3698 896 3776 quod
913 3699 947 3759 in
963 3697 1128 3758 creaturis
1144 3699 1254 3758 terrae
1271 3697 1377 3756 multa
1392 3695 1554 3756 miracula
1571 3695 1742 3771 operatur,
1758 3693 1811 3753 et·

245 3800 452 3876 quodetiam
469 3803 627 3879 abyssum
645 3803 822 3880 splendore
835 3798 860 3884 ⁴)
877 3803 1046 3880 potentiae
1061 3817 1142 3862 suae
1159 3801 1322 3877 penetrat.
1338 3799 1379 3860 ut
1395 3799 1445 3858 sic
1464 3796 1617 3875 procedit
1641 3794 1790 3869 oriendo,

245 3906 405 3980 quonism
427 3906 516 3966 idem
539 3908 735 3984 mysterium
751 3909 907 3985 apparuit
924 3908 957 3968 in
973 3909 1049 3968 ortu
1065 3907 1240 3979 virtutum,
1258 3919 1334 3966 cum
1350 3903 1493 3964 virtutes
1509 3903 1605 3980 prius
1620 3917 1686 3960 uon
1700 3900 1792 3960 visas

247 4009 397 4084 protulit·
422 4012 455 4069 et
478 4010 566 4072 redit
587 4010 795 4086 declinando,
820 4026 896 4072 cum
917 4009 1070 4087 judiciali
1094 4009 1260 4070 sententia
1275 4007 1459 4086 pravitates
1475 4007 1634 4067 vitiorum
1651 4003 1693 4066 ed
1707 4003 1797 4064 nibi-

248 4109 319 4172 lum
335 4110 498 4174 inmarvat.

976 4219 1053 4280 LVL

371 4411 590 4474 incarnatam
607 4414 669 4475 Dei
689 4413 826 4475 Verbum
842 4432 948 4475 unum
965 4431 1040 4476 oum
1057 4413 1158 4476 Patre
1174 4413 1322 4474 eccistcas
1337 4411 1536 4491 baptismam
1552 4411 1672 4474 docuit.

294 4617 347 4680 69.
372 4620 465 4692 Quod
489 4622 601 4682 autem
618 4637 694 4682 cum
711 4620 796 4682 idem
814 4619 865 4681 sol
880 4621 1044 4697 procedit,
1063 4619 1117 4680 leo
1133 4633 1209 4679 cum
1226 4618 1283 4680 illo
1300 4621 1334 4680 el
1350 4619 1384 4678 in
1401 4617 1457 4678 illo
1474 4615 1636 4695 procedit,
1654 4631 1694 4676 ac
1710 4615 1795 4676 mul·

250 4723 285 4783 ta
309 4723 416 4801 spolia
439 4724 569 4801 diripit,
595 4725 659 4786 hoc
674 4726 725 4786 est
740 4723 828 4801 quod
845 4739 919 4784 cum
936 4724 1025 4786 Deus
1042 4723 1210 4784 occultum
1227 4722 1422 4799 mysterium
1439 4735 1535 4781 suum
1552 4719 1791 4794 manifestavit,

284 4875 307 4944 Ι>
325 4879 413 4936 Ludit
428 4896 494 4937 cum
514 4881 677 4955 rapacem
689 4880 785 4938 sabula
797 4881 946 4945 debeone.
961 4886 1002 4938 at·
1038 4880 1182 4954 expulerit
1199 4897 1235 4937 ex
1251 4881 1311 4938 suis
1324 4879 1531 4937 subtilitatibus
1542 4885 1707 4935 autumnum
1718 4894 1792 4934 crec-

250 4976 307 5032 que
320 4969 353 5018 ut
362 4963 395 5019 fit
408 4964 443 5021 de
454 4983 483 5024 ra
499 4966 605 5025 tritaet
617 4969 827 5024 tuncomnibus
838 4968 932 5032 obvia,
944 4985 1002 5025 am·
1038 4975 1175 5030 terarum,
1195 4965 1243 5022 sed
1262 4967 1361 5024 leonis
1378 4972 1474 5023 tamen
1490 4965 1615 5023 tabulam
1631 4965 1693 5022 susc
1710 4969 1739 5020 et
1752 4964 1791 5021 le-

250 5045 338 5117 bigve
356 5050 450 5120 ungit
468 5055 561 5125 plura¹
580 5053 612 5112 ia
627 5055 734 5128 quibus
749 5057 882 5114 namuel
895 5055 1001 5112 eruditi
1039 5053 1105 5127 pide
1124 5053 1242 5110 admisit
1259 5052 1292 5110 in
1310 5053 1409 5110 eedem
1426 5052 1518 5116 libre,
1540 5052 1648 5110 Pataui.
1665 5049 1791 5122 cxcyll

253 5133 308 5190 viri
329 5134 377 5191 vir
395 5153 454 5194 aon
475 5141 651 5198 caecutiunt.
682 5141 831 5198 Culmum
856 5140 1003 5214 Physiolo
1041 5142 1118 5196 lali.
1134 5139 1290 5213 -2lplete
1300 5136 1734 5212 A.-·³lsicA.W.iort.quo.
1755 5164 1789 5178 -

251 5235 288 5292 go
305 5222 404 5285 Nostra
423 5232 505 5284 cautc
523 5231 552 5284 et
571 5242 634 5286 raro
655 5227 758 5293 utitur,
786 5231 818 5284 ut
840 5242 905 5284 cum
929 5242 1000 5300 pauc
1039 5228 1061 5298 ⁴)
1074 5227 1241 5304 splendorum
1253 5227 1300 5285 W.
