3998 6100
855 509 881 557 S.
907 509 1176 561 altbeonnnrs

954 733 1078 795 XXXII.

817 940 924 1000 Multa
946 925 1082 1001 bomini
1096 943 1216 1018 ipuota.

287 1152 341 1213 tt.
365 1149 458 1224 Quod
483 1154 595 1210 autem
620 1148 709 1210 idem
729 1149 782 1210 vir
798 1165 818 1209 a
835 1148 926 1208 suns
942 1147 1102 1208 deorsum
1120 1147 1162 1209 ad
1178 1148 1312 1226 plantas
1330 1165 1411 1210 suas
1429 1149 1464 1210 in
1480 1151 1578 1228 aquis
1595 1151 1710 1228 abyssi
1725 1155 1794 1226 est,

242 1257 289 1318 ita
312 1255 400 1334 quod
421 1254 524 1316 etiam
542 1271 643 1332 supra
660 1253 821 1330 abyssum
837 1257 916 1328 stat,
934 1251 998 1312 hoc
1013 1259 1067 1313 est
1082 1253 1171 1329 quod
1186 1252 1347 1314 fortitudo
1362 1253 1422 1314 Dei
1437 1261 1473 1315 et
1488 1255 1654 1316 mirabilis
1671 1257 1741 1316 vita
1760 1258 1794 1316 in

240 1358 459 1434 absconditis,
485 1357 583 1434 quasi
606 1358 640 1416 in
663 1357 788 1434 plantis
812 1373 878 1416 non
899 1355 1086 1431 cernendiS,
1105 1355 1236 1418 scilicet
1252 1357 1286 1417 in
1310 1357 1452 1418 secretis
1469 1358 1537 1418 illis
1561 1373 1648 1435 quae
1664 1357 1793 1418 homini

239 1461 375 1522 scienda
391 1477 457 1521 non
473 1467 562 1536 sunt,
580 1461 673 1520 velut
691 1460 723 1520 in
739 1460 836 1538 aquis
853 1460 968 1536 abyssi
986 1465 1049 1534 ast3
1063 1460 1222 1536 quoniam
1239 1466 1276 1520 ut
1293 1460 1326 1520 in
1339 1461 1572 1538 superioribus
1589 1463 1694 1522 multa
1712 1467 1791 1521 sunt

243 1580 330 1642 quae
353 1565 559 1640 nesciuntur,
585 1567 636 1625 sic
658 1565 761 1625 etiam
784 1570 818 1625 et
840 1565 874 1624 in
891 1562 1108 1625 inferioribus
1125 1563 1239 1640 abyssi
1256 1565 1401 1640 plurima
1418 1571 1496 1626 sunt
1512 1583 1532 1626 a
1548 1566 1671 1642 quibus
1687 1582 1794 1643 aquae

245 1669 488 1746 confortantur,
506 1685 592 1746 quae
609 1669 651 1730 ab
667 1669 800 1730 homine
816 1669 897 1729 sciri
913 1685 979 1730 non
995 1674 1161 1746 poterunt.
1183 1667 1266 1729 Nam
1282 1670 1393 1729 omnia
1409 1681 1495 1747 quae
1511 1669 1574 1730 sub
1596 1675 1686 1730 terra
1704 1675 1793 1744 sunt,

244 1772 279 1833 in
301 1777 469 1849 potestate
493 1787 555 1833 sua
578 1772 691 1848 habet,
714 1778 749 1833 et
764 1788 804 1832 ea
821 1773 908 1848 regit
924 1778 959 1832 at
971 1771 1112 1849 judicat,
1131 1787 1171 1833 ac
1188 1771 1350 1832 infernale
1363 1772 1528 1848 iudicium
1543 1773 1716 1847 discernit,
1734 1787 1799 1832 nee

246 1877 429 1954 quidquam
453 1884 505 1936 est
529 1877 618 1954 quod
643 1877 676 1937 in
699 1878 849 1954 potentia
872 1877 945 1953 ejus
969 1893 1034 1937 non
1059 1877 1113 1937 sit.
1138 1876 1229 1938 Unde
1253 1878 1356 1938 etiam
1373 1878 1406 1938 in
1422 1878 1549 1939 eisdem
1566 1879 1707 1938 secretis
1724 1879 1796 1938 suis

247 1977 381 2040 fortiter
404 1985 484 2056 stat;
509 1981 667 2057 quoniam
690 1980 778 2041 Deus
800 1986 932 2041 secreta
955 1997 1016 2048 sua
1032 1981 1116 2042 nulli
1133 1981 1174 2042 ad
1190 1981 1378 2060 perfectum
1394 1982 1534 2058 revelat,
1552 1981 1612 2042 sed
1629 1982 1729 2042 ineis
1745 1997 1797 2042 re·

246 2084 402 2161 quiescit,
427 2091 464 2146 ut
487 2085 587 2146 homo
612 2085 645 2145 tn
667 2086 792 2163 plantis
816 2087 900 2162 suis,
924 2085 1204 2163 quemadmodum
1221 2087 1365 2164 septimo
1380 2087 1435 2148 die
1450 2087 1493 2148 ab
1509 2087 1599 2148 omni
1615 2102 1715 2164 opere
1731 2103 1797 2148 suo

248 2188 413 2267 requievit
428 2184 463 2270 ¹).

948 2399 1088 2466 XXXIII.

536 2609 654 2671 Finem
670 2609 731 2690 filii
747 2609 947 2688 perditionis
963 2609 1080 2669 nuilus
1096 2609 1268 2670 honinem
1285 2609 1370 2670 scire
1383 2611 1503 2686 potest.

291 2817 345 2877 45.
370 2814 424 2876 Sic
446 2822 481 2876 et
504 2817 637 2877 vocatio
660 2817 739 2877 novi
763 2817 877 2895 populi
901 2817 935 2876 in
956 2815 1163 2877 Antichristo
1181 2814 1411 2876 tortitudinem
1429 2831 1526 2874 suam
1543 2829 1609 2874 non
1625 2813 1802 2888 amittens,

247 2918 307 2980 sed
332 2935 372 2980 ea
388 2935 494 2996 usque
510 2920 553 2980 ad
569 2921 693 2981 bonum
710 2920 809 2980 tinem
826 2919 1030 2982 mirabilium
1046 2920 1116 2996 Dei,
1135 2935 1221 2996 quae
1238 2918 1280 2979 ab
1297 2918 1431 2979 homine
1448 2919 1528 2978 sciri
1545 2933 1612 2978 non
1628 2923 1800 2994 poterunt,

249 3039 466 3100 conservans,
491 3031 525 3085 et
549 3024 583 3084 in
605 3023 733 3084 eisdem
750 3024 961 3085 mirabilibus
977 3040 1085 3101 usquo
1102 3023 1143 3085 ad
1159 3022 1382 3084 novissimum
1398 3022 1486 3082 diem
1503 3022 1591 3082 sicut
1608 3021 1649 3081 ad
1665 3022 1799 3098 plantas

249 3132 357 3202 stans,
384 3128 577 3204 requiescit,
603 3144 664 3188 nec
680 3128 823 3189 ulterius
840 3129 1024 3204 vacillabit,
1043 3129 1201 3206 quoniam
1217 3128 1326 3188 omnis
1344 3126 1530 3188 teneritudo
1547 3126 1620 3203 ejus
1637 3127 1684 3187 ibi
1700 3127 1799 3187 sinam

250 3234 403 3310 accipiat.
429 3233 511 3296 Nam
535 3240 572 3294 ut
594 3235 707 3295 nullus
729 3234 888 3311 abyssum
905 3235 1113 3311 perscrutari
1129 3238 1252 3312 potest,
1271 3234 1321 3293 sie
1337 3247 1398 3292 nee
1414 3231 1503 3309 quod
1517 3236 1595 3306 post
1612 3231 1710 3290 tinem
1724 3245 1800 3305 per-

251 3334 316 3395 diti
339 3335 485 3396 hominis
510 3335 660 3397 futurum
684 3338 740 3412 sit,
765 3338 877 3397 nullus
901 3336 1074 3398 hominum
1097 3337 1185 3397 scire
1200 3332 1226 3415 ²)
1248 3335 1383 3412 poterit,
1400 3331 1679 3411 quemadmodum
1695 3334 1798 3393 etiam

250 3437 293 3499 do
308 3433 464 3502 omnibus
480 3440 535 3502 his
551 3457 612 3518 per
627 3442 830 3518 Sapientiam
846 3441 1052 3503 dictumest.
1109 3481 1110 3484 κ

947 3650 1102 3712 XXXIIII.

868 3859 969 3923 Verba
992 3862 1193 3940 Sapientiae.

298 4069 351 4132 46.
379 4091 395 4130 u
415 4070 633 4132 Altitudinem
656 4071 743 4133 coeti
762 4077 796 4131 et
813 4070 1022 4131 latitudinem
1042 4076 1152 4130 terrae
1168 4074 1203 4129 et
1218 4068 1421 4146 protundum
1437 4070 1551 4148 abyssi
1568 4069 1644 4148 quis
1662 4084 1800 4132 mansus

255 4191 273 4232 a
292 4182 345 4236 est
356 4169 399 4255 Ὗ)
414 4194 430 4234 a
447 4176 549 4252 Cujus
564 4192 684 4236 sensus
697 4177 776 4237 talis
788 4183 851 4236 est.
866 4175 992 4236 Globus
1009 4173 1124 4234 mundi
1142 4173 1217 4250 igne
1234 4181 1267 4234 et
1283 4182 1382 4236 vento
1400 4191 1438 4236 ac
1455 4191 1531 4237 aere
1546 4173 1570 4255 ⁴)
1589 4179 1747 4254 agitatur,
1764 4181 1799 4238 et

253 4277 363 4337 omnis
379 4283 534 4338 creatura
552 4277 585 4338 in
600 4293 640 4338 eo
658 4278 750 4339 latet.
766 4279 902 4338 coetum
918 4277 1007 4337 enim
1024 4291 1101 4336 cum
1117 4276 1272 4337 omnibus
1288 4279 1494 4338 ornamentis
1511 4279 1583 4338 suis
1600 4279 1632 4338 in
1649 4279 1800 4354 superio-

253 4381 283 4440 ri
298 4386 394 4458 parte
410 4381 510 4458 hujus
527 4383 616 4458 globi
633 4382 853 4442 constitutum
872 4387 934 4442 est.
951 4381 991 4440 Et
1007 4381 1083 4457 quis
1100 4387 1153 4441 est
1170 4379 1279 4456 homo,
1298 4381 1355 4457 qui
1372 4380 1440 4441 uilo
1456 4381 1533 4441 visu
1550 4380 1613 4441 hoc
1628 4387 1800 4442 transcen-

252 4479 332 4544 dere
347 4485 473 4563 possit?
489 4486 643 4547 Latitudo
660 4501 793 4563 quoque
810 4491 921 4548 terrae
937 4501 1013 4545 cum
1029 4485 1339 4545 circumfluentibus
1356 4485 1465 4562 aquis,
1483 4491 1517 4546 et
1534 4501 1610 4546 cum
1627 4485 1695 4546 illis
1713 4502 1799 4564 quae

253 4604 356 4666 supra
384 4589 544 4665 abyssum
567 4589 689 4666 fluunt,
718 4589 816 4667 quasi
841 4589 874 4649 in
898 4589 1007 4650 medio
1031 4589 1121 4666 globi
1146 4589 1246 4649 istius
1268 4596 1332 4666 est;
1351 4589 1410 4649 sed
1426 4605 1487 4650 nec
1504 4590 1593 4650 ullus
1610 4589 1708 4653 homo
1725 4606 1800 4651 eam

254 4693 535 4770 comprehendere
547 4698 659 4770 potest
669 4688 704 4774 ⁸).
719 4692 871 4770 Abyssus
884 4699 996 4754 autem
1009 4711 1084 4754 curn
1098 4692 1252 4754 omnibus
1265 4691 1477 4754 mIrabilibus
1491 4693 1562 4754 suis
1578 4693 1671 4754 velut
1688 4695 1722 4754 in
1737 4693 1801 4755 fine

255 4794 357 4874 huius
374 4798 465 4874 globi
482 4805 544 4862 est.
557 4799 598 4860 Et
614 4799 690 4876 quis
706 4802 760 4859 est
775 4797 874 4860 homo
888 4798 946 4876 qui
962 4799 1004 4859 ad
1021 4798 1118 4858 finem
1135 4797 1208 4875 ejus
1224 4797 1409 4874 pertingat?
1421 4797 1523 4859 Nemo
1539 4797 1801 4874 praeternam,

293 4989 315 5058 Ι)
328 4990 452 5065 capituti
466 4993 592 5050 XXXIII
605 5008 740 5051 numerus
753 4993 801 5052 bIc
814 4999 864 5050 aut
874 4994 958 5066 paulo
971 4992 1014 5049 iu·
1052 4991 1141 5055 iubet,
1160 5008 1232 5064 quae
1245 4994 1319 5065 apud
1329 5009 1380 5049 nos
1397 4992 1494 5048 eadem
1508 4991 1542 5049 de
1554 5007 1585 5048 re
1603 4991 1719 5048 disserit
1737 4991 1801 5048 Ori-

259 5075 302 5134 Irn
314 5078 490 5139 desideretur
503 5082 533 5138 in
545 5081 626 5138 codd.
639 5112 673 5122 -
682 5085 705 5150 ²)
717 5085 784 5139 seiri
796 5082 842 5138 W.
856 5081 921 5150 Δ)
934 5081 1010 5138 Eecl.
1051 5093 1134 5148 genes
1146 5081 1178 5136 ia
1189 5077 1248 5142 Iob,
1267 5095 1328 5153 cap.
1346 5077 1511 5144 XXXVIII,
1525 5082 1554 5144 5.
1570 5083 1589 5136 t.
1604 5076 1632 5134 ΙΙ
1645 5078 1801 5137 anetam:

262 5170 287 5230 Ι.
306 5169 331 5223 2·
353 5167 616 5238 -oacvmtoet
632 5187 695 5228 uere
712 5169 746 5225 Α.
769 5169 967 5239 -5)Βεοοὶο,
988 5167 1012 5225 si
1050 5169 1270 5242 meror.p.³sst.
