3992 6092
691 542 720 590 11
750 539 871 590 mssa
899 541 997 590 vira
1026 540 1258 590 unnrronuu
1673 523 1714 584 ur

198 671 340 744 potuum
363 665 456 742 juxta
481 663 679 741 qualitatem
703 668 737 722 et
762 662 1029 740 superfluitatem
1054 660 1369 722 inconsiderationis
1394 675 1487 736 snae,
1513 673 1552 719 ac
1567 658 1661 734 juxta
1678 675 1752 735 per-

199 773 396 832 missionem
415 768 643 847 praeceptcris
661 769 714 828 sui
731 767 978 843 aggrediantur.

914 995 1036 1056 LVlIll.

772 1191 920 1263 warum
946 1189 1034 1250 Deus
1058 1193 1183 1248 venter.

246 1396 301 1457 69.
318 1398 380 1470 Qui
395 1397 485 1458 enim
502 1397 630 1458 ventris
649 1397 829 1472 ingluviem
846 1395 1001 1472 diligunt,
1021 1395 1192 1456 multoties
1209 1401 1325 1455 contra
1337 1395 1441 1454 Deum
1454 1395 1611 1470 clamant,
1625 1401 1659 1456 at
1674 1409 1749 1457 eum

199 1497 242 1558 ad
260 1498 417 1574 injuriam
433 1514 618 1576 provocare
635 1499 849 1574 contendunt,
868 1499 1032 1559 dicentes:
1053 1518 1068 1556 r
1089 1499 1156 1558 Cur
1171 1497 1258 1557 Deus
1275 1497 1316 1557 ad
1330 1497 1474 1574 gloriam
1486 1514 1548 1557 nos
1561 1499 1747 1574 constituit,

201 1623 217 1659 a
238 1621 316 1664 cum
340 1621 414 1666 eam
440 1605 537 1665 nobie
560 1603 747 1679 abstrahat,
773 1604 871 1680 quasi
888 1619 963 1664 eam
980 1602 1104 1664 habere
1120 1617 1186 1662 non
1204 1602 1404 1663 debeamus‘l
1419 1602 1505 1662 Num
1522 1601 1603 1662 illud
1620 1618 1685 1663 non
1703 1602 1750 1664 ia-

201 1727 218 1764 »
237 1709 366 1770 ciamus
391 1709 481 1786 quod
505 1724 567 1768 nos
591 1707 753 1768 delectat?
771 1726 786 1765 t
805 1706 851 1768 Ite
868 1707 920 1768 bis
938 1705 1114 1767 dicendum
1131 1710 1194 1782 est,
1213 1706 1301 1783 quod
1318 1711 1436 1766 venter
1451 1721 1568 1767 eorum
1586 1705 1673 1768 Deus
1696 1719 1751 1768 eo·

198 1829 275 1874 rum
300 1815 355 1890 sit,
380 1815 459 1891 quia
485 1828 615 1874 omnem
642 1812 859 1873 intentionem
877 1817 913 1872 at
928 1812 1189 1872 sollicitudinem
1205 1827 1245 1872 ac
1262 1810 1430 1872 desideria
1446 1827 1507 1872 sue
1524 1810 1566 1871 ad
1585 1811 1750 1886 impletio·

197 1935 275 1981 nem
299 1921 428 1980 ventris
452 1921 506 1980 sui
522 1922 736 1996 convertunt,
761 1924 795 1978 at
811 1918 968 1995 quoniam
987 1917 1171 1978 secundum
1185 1917 1392 1978 voluntatem
1409 1931 1527 1978 eorum
1543 1916 1685 1977 consilia
1702 1917 1749 1992 ip-

198 2041 314 2086 sorum
333 2031 422 2100 sunt,
441 2024 521 2100 quia
536 2023 649 2084 omnia
665 2038 767 2099 opera
784 2038 846 2082 sua
864 2023 1023 2098 ingluviei
1040 2023 1168 2082 ventris
1185 2022 1238 2081 sui
1256 2027 1435 2098 opponunt.

946 2244 1006 2305 tx.

847 2437 948 2498 Verba
974 2440 1100 2517 Moysis.

245 2651 298 2712 70.
323 2650 414 2712 Unde
437 2651 540 2712 etiam
564 2649 605 2709 de
630 2649 695 2711 isto
717 2649 959 2726 scriptumest:
981 2649 1040 2711 libi
1057 2656 1134 2710 sunt
1153 2650 1207 2710 Dii
1224 2667 1338 2710 aarum
1355 2647 1524 2728 inquibus
1541 2647 1697 2712 rubebant
1714 2649 1751 2729 fi-

196 2757 352 2827 decium,
378 2758 419 2816 de
442 2773 584 2836 quornm
606 2757 748 2817 uictimis
772 2755 983 2815 comedebant
1000 2755 1128 2832 adipes,
1148 2761 1179 2814 et
1197 2754 1345 2815 bibebant
1361 2758 1477 2816 vinum
1498 2755 1712 2816 libaminum?
1726 2749 1750 2833 ¹)

202 2859 298 2933 Quod
314 2861 417 2920 etiam
440 2861 490 2921 sic
508 2859 761 2936 intelligendum
776 2860 838 2920 est.
856 2859 918 2921 Ubi
935 2863 987 2918 est
1003 2859 1111 2934 gloria
1127 2875 1256 2935 eorum,
1275 2861 1309 2920 in
1325 2861 1449 2937 quibus
1465 2867 1641 2922 voratores
1658 2875 1752 2937 spem

200 2979 296 3024 suam
314 2967 508 3041 posuerant,
527 2980 604 3024 cum
620 2963 767 3024 diversis
783 2962 893 3040 epulis
911 2979 947 3023 sa
964 2963 1131 3040 superllua
1153 2963 1415 3039 ingurgitabant,
1440 2963 1529 3040 quod
1546 2968 1580 3024 et
1597 2963 1664 3024 iuis
1681 2963 1751 3040 pla·
1828 2981 1832 2988 ·

199 3085 277 3130 care
295 3069 467 3130 sciebant‘l
483 3069 564 3129 Nam
583 3067 691 3144 gloria
709 3067 841 3128 illorum
859 3067 924 3128 alia
942 3083 1007 3128 non
1024 3073 1077 3128 est
1094 3083 1193 3144 quam
1211 3071 1377 3129 tormenta
1394 3073 1427 3128 et
1443 3067 1590 3129 conditio
1608 3067 1750 3128 intelici-

198 3172 282 3231 tatis
295 3171 329 3231 in
345 3170 485 3247 perditis
501 3169 703 3244 hominibus,
722 3186 799 3230 cum
814 3185 873 3230 eos
890 3170 1142 3231 seductionibus
1159 3171 1230 3230 suis
1247 3171 1393 3246 capiunt,
1412 3177 1445 3230 et
1462 3171 1496 3230 in
1512 3170 1744 3232 contusionem

200 3273 337 3334 ducunt.
350 3275 391 3334 Et
403 3273 485 3334 haec
498 3273 619 3334 fiducia
632 3289 747 3334 eorum
765 3279 829 3350 ast,
848 3273 943 3334 cibus
961 3274 1089 3334 scilicet
1107 3273 1324 3334 immoderate
1341 3280 1507 3351 sumptus,
1525 3290 1586 3352 par
1602 3291 1701 3352 quem
1714 3275 1750 3336 tl·

200 3375 335 3437 duciam
354 3376 560 3452 deceptionis
573 3376 706 3437 habant.
721 3377 811 3437 Unde
824 3384 860 3437 ut
876 3377 999 3454 ineptis
1015 3377 1124 3454 epulis
1141 3377 1310 3453 insistant,
1320 3375 1345 3456 ²)
1363 3377 1553 3438 bominibus
1571 3380 1750 3440 consilian-

199 3489 268 3556 tur,
293 3483 450 3560 quoniam
476 3483 565 3543 sicut
589 3481 676 3558 ignis
700 3481 741 3542 de
767 3480 845 3542 tolle
870 3481 1074 3557 accenditur,
1101 3483 1150 3541 sic
1166 3481 1278 3540 omnia
1294 3481 1382 3542 mala
1399 3482 1440 3542 de
1455 3483 1584 3543 ventris
1600 3484 1749 3559 ingluvie

198 3587 365 3648 oriuntur.
390 3588 430 3648 Et
453 3602 540 3664 quea
565 3587 686 3648 llducia
703 3593 763 3647 eut
778 3601 865 3662 quae
881 3578 906 3666 ⁸)
924 3573 1070 3647 victoria
1082 3586 1117 3645 in
1134 3586 1202 3646 illis
1219 3585 1372 3647 habenda
1387 3594 1440 3647 est
1456 3587 1513 3663 qui
1530 3589 1697 3666 occidunt,
1716 3597 1750 3652 et

200 3691 259 3768 qui
284 3689 373 3768 quod
390 3691 556 3767 occidunt,
574 3695 682 3751 totum
704 3689 868 3767 perdunt‘l
883 3689 1044 3750 Diabolus
1060 3689 1148 3750 enim
1166 3692 1231 3750 scit
1247 3690 1336 3766 quod
1352 3689 1451 3750 homo
1468 3691 1553 3751 cibis
1568 3687 1592 3771 ⁴)
1610 3708 1677 3754 non
1692 3711 1753 3771 po-

200 3799 269 3854 test
292 3808 419 3866 cerere,
437 3799 471 3853 et
486 3793 576 3869 qnod
592 3798 773 3870 praecepta
787 3793 847 3854 Dei
864 3792 964 3854 debet
981 3807 1193 3867 conservare;
1212 3795 1247 3854 et
1263 3791 1336 3852 ideo
1353 3792 1499 3868 primum
1515 3793 1547 3853 ei
1564 3794 1694 3872 stradet,
1712 3804 1750 3856 ut

199 3904 381 3979 praecepta
392 3900 450 3961 Dei
464 3901 497 3961 in
511 3901 594 3960 cibis
607 3905 641 3960 et
653 3900 789 3977 potibus
802 3899 1065 3976 praevaricetur,
1085 3904 1252 3975 quatenus
1269 3899 1387 3974 postea
1403 3903 1496 3958 tanto
1515 3897 1645 3960 facilius
1662 3900 1749 3960 deci-

199 4009 325 4086 piatur;
342 4007 501 4084 queniam
517 4004 606 4083 quod
624 4007 696 4082 ipsa
714 4005 812 4081 quasi
829 4005 862 4064 in
879 4002 1163 4082 opinioncffhabet,
1182 4002 1245 4063 boc
1263 4003 1431 4064 bominem
1451 4001 1483 4062 in
1500 4003 1659 4080 operibus
1675 4021 1751 4081 per·

201 4113 301 4172 licere
324 4111 513 4187 persuadet.
539 4109 674 4186 Maligni
698 4124 843 4184 namque
868 4109 1008 4184 spiritus
1033 4107 1215 4167 secundum
1233 4108 1400 4184 nequitias
1417 4123 1495 4168 suas
1511 4108 1554 4169 ad
1572 4109 1750 4172 infernalia

201 4220 369 4276 tormenta
393 4213 543 4288 deputati
561 4219 651 4286 sunt,
670 4211 849 4272 nacoliam
867 4211 1029 4271 laetitiam
1046 4225 1145 4287 quam
1165 4210 1197 4270 in
1213 4210 1407 4286 deceptione
1425 4209 1598 4272 hominum
1614 4211 1749 4288 babent,

202 4316 363 4396 quamdiu
380 4317 479 4376 homo
496 4317 618 4376 bonum
636 4320 670 4376 at
687 4315 811 4376 malurn
828 4315 961 4391 operari
978 4319 1100 4391 potest,
1123 4315 1280 4390 quoniam
1300 4314 1363 4390 ipsi
1381 4320 1498 4389 postea
1515 4315 1641 4376 nullam
1657 4316 1752 4377 laeti-

203 4425 297 4498 tiam,
324 4422 381 4481 sed
406 4423 540 4496 plenum
565 4419 768 4496 supplicium
791 4434 973 4495 poenarum
992 4419 1171 4480 habebunt.
1189 4419 1271 4479 Nam
1289 4418 1345 4478 isti
1361 4434 1422 4495 per
1438 4418 1528 4478 idola
1544 4421 1752 4495 quaerebant

200 4532 238 4588 ut
263 4525 414 4586 bomines
440 4525 596 4585 victimas
620 4530 654 4583 et
678 4522 795 4600 adipes
812 4539 851 4584 ac
868 4523 983 4582 vinum
999 4529 1138 4600 propter
1155 4523 1284 4599 ineptes
1301 4523 1418 4598 epulas
1436 4523 1686 4584 convivantium
1702 4525 1751 4584 ot·

199 4631 339 4704 terrent,
366 4631 446 4704 quia
461 4628 550 4705 quod
567 4628 656 4688 Deus
675 4629 707 4686 in
724 4628 831 4689 vetari
848 4627 1061 4688 Testamenta
1078 4627 1230 4687 comburi
1245 4627 1359 4702 Jussit,
1382 4626 1445 4686 boc
1463 4626 1520 4686 isti
1538 4626 1579 4686 ad
1597 4627 1751 4686 convivia

198 4736 296 4809 dant,
322 4733 478 4810 quoniam
503 4732 591 4792 Deus
616 4738 685 4792 tam
711 4733 743 4791 in
767 4731 854 4791 escis
871 4747 971 4808 quarn
990 4732 1023 4790 in
1039 4732 1189 4807 peccatis
1205 4731 1441 4792 abstinentiam
1459 4729 1649 4790 bominibus
1666 4729 1751 4790 indi-

201 4840 261 4912 cit,
276 4837 364 4915 quod
379 4837 539 4898 Diabolus
557 4837 691 4896 omnino
710 4835 920 4896 contradicit.
939 4835 1149 4896 Abstinentia
1164 4837 1251 4894 enirn
1271 4836 1420 4895 ciborum
1439 4834 1605 4893 luxuriam
1623 4850 1688 4894 non
1706 4833 1753 4894 fa-

198 4945 259 5019 cit,
286 4943 344 5002 sed
360 4943 488 5002 ventris
506 4941 672 5018 ingluvies
693 4957 766 5001 eam
785 4941 925 5017 perficit.
944 4941 1153 5017 Quapropter
1170 4939 1268 5001 homo
1286 4941 1343 5017 qui
1361 4939 1428 5000 Deo
1446 4938 1574 4998 servire
1591 4940 1674 5014 vult,
1694 4956 1752 5000 vo·

201 5047 379 5108 recitatam
407 5045 525 5122 lugiet,
551 5053 585 5106 et
610 5052 759 5106 ventrem
785 5062 881 5106 suum
907 5046 949 5105 eb
973 5045 1031 5106 illa
1056 5044 1232 5106 refraenet.
1252 5045 1342 5105 Haec
1358 5050 1469 5105 autem
1487 5044 1528 5103 de
1545 5044 1751 5120 poenitentia

242 5199 264 5266 ll
277 5199 390 5256 Denter.
406 5199 529 5264 XXXII,
545 5203 588 5256 57.
604 5215 668 5256 mox
682 5201 775 5273 plotio
788 5199 908 5256 iliorum.
925 5198 970 5255 W.
984 5231 1014 5238 -
1026 5201 1049 5266 ⁹)
1065 5203 1186 5256 imistent
1199 5199 1233 5262 Α,
1248 5199 1293 5256 W.
1310 5231 1341 5239 -
1356 5197 1379 5268 ³)
1392 5204 1417 5255 at
1429 5215 1500 5271 quoe
1512 5197 1545 5256 Α.
1559 5229 1592 5238 -
1603 5196 1624 5266 ⁴)
1637 5198 1692 5254 cibi
1703 5196 1749 5254 W.
