3998 6100
851 539 1097 590 Pnoouuruu

919 800 1025 874 VIll.

164 1043 170 1053 ¹
251 1061 448 1150 Recensita,
467 1083 547 1133 eum
564 1057 792 1154 Hildegardis
810 1057 893 1148 vita,
912 1055 1001 1127 serie
1019 1053 1174 1127 omnium
1195 1053 1415 1150 scriptorum,
1433 1061 1590 1150 superest
1608 1061 1647 1127 ut
1666 1075 1752 1152 pau-

203 1190 254 1263 cis
271 1191 429 1262 dieamus
454 1187 579 1284 quanti
605 1187 723 1259 eadem
752 1184 896 1257 ualeant
913 1183 987 1255 sive
1004 1181 1177 1276 theologo,
1205 1183 1279 1252 sive
1297 1181 1471 1274 historico,
1499 1181 1572 1252 siue
1594 1193 1753 1253 veterum

205 1319 312 1392 medii
330 1319 409 1391 aeui
426 1317 624 1390 litterarum
642 1317 807 1388 studioso.

256 1449 390 1520 Notarc
407 1454 490 1518 aute
507 1443 625 1518 omnia
643 1450 809 1540 praestat,
828 1440 966 1513 nullum
983 1441 1075 1513 inter
1092 1440 1272 1536 theologos
1286 1440 1456 1512 hactenus
1473 1440 1655 1513 irruentum
1670 1461 1755 1532 csse,

207 1576 270 1673 qui
295 1595 444 1646 censura
469 1570 628 1666 attigerit
654 1569 809 1642 diversos
826 1569 943 1656 libros,
970 1575 1065 1640 certo
1081 1569 1161 1663 jure
1182 1567 1392 1663 Hildegardi
1419 1559 1658 1662 assignandos.
1677 1567 1760 1640 Non

208 1713 260 1775 cst
286 1700 379 1774 enim
407 1700 463 1771 vel
489 1721 560 1774 uno
585 1698 724 1794 quidem
752 1697 844 1768 oculi
869 1695 942 1768 ictu
967 1694 1123 1791 dignum,
1152 1695 1268 1768 nescio
1294 1695 1399 1791 quale
1433 1683 1663 1792 mendacium,
1696 1721 1758 1771 ne·

209 1836 281 1907 seio
307 1857 397 1929 quoe
424 1831 594 1904 vaticinia
620 1829 787 1902 adversus
812 1829 905 1902 viros
930 1851 1056 1922 sacros,
1080 1827 1203 1924 putida
1225 1827 1480 1901 haereticorum
1507 1829 1663 1903 inventa.
1689 1832 1760 1905 Sed

207 1967 318 2038 etiam
335 1964 430 2061 apud
446 1985 607 2036 censores
623 1961 703 2057 plus
719 1959 835 2031 minus
850 1979 986 2054 graves,
1004 1958 1064 2054 qui
1080 1959 1258 2050 morosius,
1274 1958 1449 2031 interdum
1465 1959 1603 2050 acriter,
1618 1985 1762 2059 carpere

213 2119 283 2167 non
302 2095 509 2166 dubitarunt
535 2115 664 2186 magna
690 2089 833 2163 nomina
858 2081 1055 2177 Gertru'dis,
1083 2087 1306 2176 Meehtildae,
1326 2087 1509 2185 Brigittae,
1537 2091 1763 2166 Elisabethae

213 2222 520 2318 Schonaugiensis,
548 2219 683 2292 Mariae
709 2218 751 2290 de
778 2217 931 2312 Agrcda,
960 2217 1118 2288 iuvenire
1139 2241 1195 2288 me
1212 2240 1281 2288 non
1300 2217 1439 2288 maurini
1460 2241 1671 2314 quemquam
1691 2247 1765 2294 sas-

215 2349 293 2419 dem
312 2349 356 2419 ab
373 2345 589 2442 Hildegarde
607 2343 831 2440 exceptiones
849 2350 1074 2440 repetentem.
1145 2397 1148 2402 -
1410 2331 1414 2340 ¹

266 2475 406 2546 Etenim
425 2474 453 2546 si
470 2474 550 2570 quis
566 2473 775 2546 severiorem
793 2472 988 2545 admoverit
1006 2472 1184 2565 trutinam,
1205 2497 1275 2568 qua
1294 2475 1440 2571 mystica
1459 2473 1491 2548 id
1511 2503 1621 2574 genus
1634 2483 1767 2580 scripta

220 2603 496 2702 perpenduntur,
524 2605 561 2675 in
586 2603 769 2716 dexteram
794 2611 829 2676 et
854 2603 983 2675 bonam
1004 2602 1138 2675 lancem
1166 2603 1274 2698 premi
1293 2603 1574 2700 Hildegardiana
1592 2611 1766 2705 probabit.

219 2729 522 2803 (tomrncndantur
537 2730 641 2822 enim,
660 2730 712 2802 uti
732 2738 861 2817 nostra,
888 2729 976 2801 haec
1002 2751 1107 2826 opera
1132 2743 1205 2801 tum
1233 2729 1387 2804 maxime
1404 2757 1510 2828 quum
1539 2737 1581 2808 ad
1600 2738 1769 2813 honorem

219 2861 287 2932 Dei
305 2869 339 2932 at
354 2860 537 2932 hominum
555 2858 703 2930 salutern
720 2867 841 2954 aperte
854 2857 1064 2954 conducunt,
1084 2882 1192 2953 quum
1211 2882 1280 2930 non
1299 2860 1490 2933 abhorrent
1505 2863 1549 2935 ab
1563 2889 1603 2937 eo
1617 2867 1770 2940 scriben-

220 2988 255 3060 di
274 3012 315 3060 ac
342 2987 478 3058 dicendi
512 2986 611 3059 modo
642 2985 702 3081 qui
722 2985 878 3082 probatis
902 2985 947 3056 ab
974 2985 1131 3057 Ecclesia
1158 2985 1242 3058 viris
1268 2987 1487 3085 attribuitur,
1515 3015 1622 3086 quum
1650 2995 1772 3070 simili-

221 3113 379 3186 tudinem
411 3121 537 3208 gerunt
566 3135 644 3184 eum
677 3112 718 3184 iis
745 3112 958 3184 thematibus
984 3110 1026 3184 de
1051 3110 1178 3206 quibus
1203 3123 1272 3183 hon
1301 3112 1512 3210 dubitamus,
1539 3142 1646 3213 quum
1666 3123 1772 3198 etiam

224 3241 352 3314 ellectu
379 3239 608 3336 complentur,
636 3238 824 3335 liberisque
850 3245 884 3311 et
906 3237 1049 3311 remotis
1073 3236 1176 3310 iactis
1193 3243 1475 3337 comprobantur,
1498 3269 1606 3340 quum
1634 3251 1773 3325 demum

228 3365 466 3464 contemplate
491 3367 565 3438 sive
590 3373 707 3438 mente
732 3366 805 3438 sive
830 3364 941 3438 oculis
956 3364 1157 3461 spectacula
1175 3365 1210 3436 in
1229 3367 1299 3439 alio
1317 3367 1448 3441 lumine
1465 3383 1660 3470 versantur,
1683 3379 1777 3473 quod

227 3507 301 3571 toto
320 3521 446 3592 genere
464 3498 634 3571 alumine
653 3497 808 3572 naturali
835 3497 1012 3570 diversum
1038 3505 1090 3568 est
1107 3497 1175 3591 (Of.
1194 3501 1282 3570 Eue.
1300 3499 1423 3572 Amort
1447 3505 1487 3572 de
1512 3503 1779 3584 Reochrttoutbas

229 3635 289 3699 etc.
309 3629 359 3698 ed.
382 3626 494 3698 Vcnct.
512 3631 607 3700 1740
618 3651 657 3718 p.
676 3631 710 3714 7,
729 3631 788 3713 50,
816 3628 873 3713 73,
891 3629 948 3712 77,
969 3627 1028 3712 79,
1045 3627 1105 3710 80,
1125 3627 1196 3695 189
1211 3625 1299 3720 cta).
1326 3623 1424 3711 Quae
1441 3628 1548 3720 q'uum
1568 3633 1685 3704 onmia
1710 3633 1779 3708 huc

228 3763 452 3842 concurrunt,
480 3753 569 3825 adde
594 3752 687 3849 quod
718 3750 947 3846 Hildcgardis
972 3773 1008 3822 se
1037 3747 1238 3822 humilitate
1268 3751 1398 3822 eximia
1421 3755 1700 3828 constantissime
1723 3761 1776 3830 di-

231 3881 355 3973 mittit,
384 3878 554 3952 modestia
578 3877 755 3974 splendet,
782 3875 1009 3974 simplicitate
1035 3874 1159 3970 pollet,
1191 3875 1286 3947 haud
1317 3875 1458 3970 iugenio
1490 3903 1677 3977 praeceps,
1716 3910 1780 3958 nec

217 4010 271 4080 in
292 4005 513 4103 phantasiam
533 4027 653 4100 prona,
672 4004 822 4076 nechite
840 4009 918 4074 atra
935 4025 1103 4094 moerens,
1131 4025 1195 4073 nee
1215 4001 1350 4073 curiosa
1370 4013 1526 4100 captans,
1554 4009 1709 4081 nonnisi
1729 4011 1780 4083 in·

232 4147 413 4230 terrogata
430 4134 625 4229 respondet,
645 4141 681 4206 et
700 4130 801 4227 quasi
824 4139 956 4216 coacta,
975 4129 1229 4224 charitatisque
1257 4131 1446 4202 visceribus
1464 4141 1568 4206 mota.
1597 4137 1780 4233 Equidem,

235 4261 329 4358 quod
346 4284 501 4333 severam
520 4260 623 4332 facile
640 4281 823 4331 censuram
839 4258 873 4329 in
889 4256 1021 4329 femina
1038 4266 1200 4347 meretur,
1216 4280 1359 4353 carpere
1376 4259 1496 4331 debuit
1514 4263 1607 4335 viros
1620 4266 1783 4340 eeclesia-

236 4393 351 4481 stieos,
371 4392 475 4463 etiam
496 4390 672 4486 praelatos
688 4397 723 4460 et
738 4411 874 4460 summa
892 4387 1070 4459 Ecclesiae
1096 4388 1340 4482 societatisque
1357 4390 1485 4485 capita:
1509 4401 1547 4464 ut
1566 4419 1647 4468 vero
1666 4397 1715 4470 sie
1733 4425 1785 4474 re-

239 4521 420 4616 spondeat,
439 4518 609 4614 premitur
625 4517 786 4614 precibus
803 4539 894 4610 quae
907 4516 1005 4611 jussa
1022 4539 1106 4611 prae
1123 4537 1159 4586 se
1173 4514 1301 4610 ierunt,
1317 4517 1539 4613 pulsantibus
1552 4521 1646 4595 haud
1661 4525 1735 4600 sins
1752 4532 1789 4603 vi

239 4650 330 4723 fores
348 4650 688 4764 aperit,ingemiscit
705 4658 739 4722 ct
758 4649 846 4722 dura
864 4649 1008 4744 patitur,
1023 4671 1132 4743 grave
1144 4647 1269 4743 jugum
1289 4647 1402 4720 invita
1419 4650 1483 4722 sihi
1505 4654 1620 4747 potius
1638 4643 1786 4754 imponit

239 4804 347 4876 quam
365 4781 445 4852 aliis
461 4780 627 4852 decernit.
646 4879 652 4894 ,

292 4914 477 4986 Caeterum
496 4913 643 5009 quisque
661 4912 770 5003 novit,
790 4912 939 5010 privatis
956 4911 1237 5004 revelationibus,
1258 4911 1363 4984 etiarn
1384 4913 1449 4986 fide
1466 4915 1689 5011 dignissimis,
1705 4921 1791 4996 libe·

244 5063 321 5112 rum
348 5063 421 5111 esse
448 5064 588 5136 prorsus
604 5041 743 5112 eredere
770 5039 825 5111 vel
852 5038 1090 5112 concredere.
1121 5038 1235 5110 Etiam
1255 5039 1396 5134 quando
1418 5041 1463 5112 ab
1481 5041 1638 5117 Ecclesia
1664 5071 1792 5144 appro-

245 5169 386 5252 bantur,
408 5189 474 5236 non
494 5166 715 5260 accipiuntur
734 5175 772 5236 ut
788 5166 876 5236 citra
893 5165 1037 5236 dubium
1065 5165 1268 5254 credendae,
1296 5167 1356 5238 scd
1376 5175 1554 5262 tamquam
1581 5172 1791 5265 probabiles.
