3992 6092
287 533 329 594 86
866 552 892 598 s.
918 553 1187 602 urenscnnnrs

249 670 340 730 niam
356 668 446 746 quod
463 676 579 732 contra
595 669 698 732 Deum
714 671 778 746 est,
796 686 861 730 nen
878 670 993 746 stabit,
1011 673 1069 734 sed
1087 674 1120 734 in
1137 674 1308 736 interitum
1324 673 1394 736 ibit.
1409 674 1500 738 llaec
1513 677 1625 738 autem
1640 677 1734 738 velut
1750 677 1805 738 lu-

248 776 393 849 puscet,
412 774 492 852 quia
508 774 542 833 in
559 775 651 836 rabie
667 775 735 835 doli
752 781 785 836 et
803 775 835 836 in
852 790 975 852 aspera
992 777 1225 840 vicissitudine
1241 781 1388 840 omnium
1406 781 1570 842 malorum
1585 761 1657 842 sine
1673 781 1800 844 discre-

251 880 342 941 tione
359 883 420 941 est.
438 879 528 952 Quae
545 880 639 940 flexis
663 882 818 942 cruribus
837 896 938 955 super
962 882 1064 956 pedes
1081 899 1161 944 suos
1183 883 1284 958 jacet,
1302 889 1337 944 et
1353 884 1477 962 ubique
1500 886 1741 962 circumspicit,
1760 891 1797 945 ut

195 1013 197 1016 ·
250 987 362 1048 omnia
379 1001 465 1068 quae
484 1002 603 1061 rapere
619 988 741 1061 potest,
759 985 933 1062 deglutiat,
952 989 1108 1063 queniam
1128 989 1285 1050 inclinata
1301 989 1495 1050 fortitudine
1513 1007 1575 1050 sua
1587 991 1630 1050 ad
1646 1003 1800 1066 quaeque

249 1088 416 1150 deteriora
433 1089 593 1166 pessimis
610 1089 787 1148 itineribus
803 1091 958 1168 propriae
971 1091 1152 1152 voluntatis
1166 1107 1247 1152 suae
1266 1093 1437 1168 incumbit,
1452 1099 1485 1152 et
1501 1107 1615 1152 ornnes
1627 1092 1796 1152 vanitates

250 1191 451 1267 considerat,
469 1198 506 1252 ut
523 1207 581 1252 eas
598 1189 640 1250 ad
658 1208 694 1252 se
710 1193 860 1267 colligat,
879 1195 1120 1270 quatenusper
1137 1194 1213 1256 illas
1230 1201 1386 1255 cunctam
1403 1195 1612 1256 honestatem
1629 1195 1712 1254 recti
1728 1209 1799 1252 mo-

248 1295 432 1358 deraminis
456 1297 634 1373 disturbet,
651 1303 685 1358 et
708 1297 750 1357 ad
767 1298 906 1359 nihilum
931 1299 1085 1374 deducat,
1103 1305 1137 1358 et
1162 1300 1248 1360 utin
1264 1301 1437 1378 voluptate
1462 1301 1578 1362 libitus
1598 1301 1651 1361 sui
1668 1316 1800 1377 perma-

249 1404 338 1476 ncat;
356 1401 635 1478 quemadmodum
653 1403 753 1462 etiam
771 1403 927 1478 superius
945 1403 978 1462 in
994 1403 1107 1463 verbis
1124 1403 1193 1464 suis
1219 1403 1439 1466 demonstrat.
1458 1405 1518 1466 Cui
1535 1420 1595 1481 per
1618 1419 1731 1464 veram
1749 1403 1801 1462 di·-

252 1507 453 1570 scretionem
479 1507 711 1584 respondetur;
737 1514 770 1568 et
786 1514 823 1568 ut
848 1508 998 1584 homines
1024 1510 1056 1568 in
1080 1509 1235 1570 omnibus
1259 1505 1520 1571 moderationem
1546 1510 1797 1570 convenientem

254 1613 445 1690 inspiciant,
465 1613 694 1675 admonentur.

1016 1823 1048 1881 L.

786 2033 832 2092 De
859 2033 1050 2092 Perditione
1075 2035 1277 2092 arianorum.

303 2239 356 2301 59.
382 2239 445 2301 Sed
461 2245 581 2301 octava
598 2241 708 2316 imago
725 2239 946 2314 perditionem
964 2241 1150 2302 animarum
1168 2243 1273 2316 notat,
1292 2255 1378 2316 quae
1395 2244 1474 2316 post
1491 2240 1802 2301 immoderationem

255 2343 310 2405 bic
327 2345 459 2422 incedit,
478 2347 557 2423 quia
575 2362 649 2406 cum
666 2362 726 2422 per
743 2345 1052 2406 immoderationem
1069 2347 1135 2406 Deo
1161 2353 1324 2423 repugnet
1340 2351 1466 2422 aperte,
1493 2347 1711 2422 perditionem
1729 2347 1802 2406 ani·

254 2463 329 2510 mae
346 2449 497 2528 incurrit,
516 2467 601 2528 quae
619 2467 694 2512 cum
711 2449 871 2511 Decesse
889 2457 1034 2525 recusat,
1053 2453 1189 2527 atquae
1206 2454 1323 2511 contra
1343 2467 1420 2512 eum
1438 2451 1571 2526 frendit,
1588 2446 1611 2530 ¹)
1629 2451 1686 2512 ubi
1710 2467 1804 2512 mon-

260 2559 328 2614 tem
345 2555 464 2617 selutis
488 2573 524 2618 se
542 2556 613 2617 fore
637 2555 795 2630 ostendit,
814 2571 888 2615 cum
913 2556 1011 2632 plena
1028 2556 1125 2616 ruina
1149 2557 1204 2630 sit,
1223 2556 1257 2616 in
1273 2572 1340 2632 qua
1363 2557 1491 2632 primus
1508 2557 1647 2631 angelus
1671 2556 1805 2616 ruinam

139 2715 141 2720 .
255 2661 457 2739 sibimetipsi
482 2671 516 2725 et
539 2664 695 2724 omnibus
720 2680 756 2725 se
781 2664 1000 2741 sequentibus
1023 2663 1222 2724 aedificavit.
1240 2663 1281 2724 Et
1306 2664 1390 2724 turri
1412 2661 1631 2736 assimilatur,
1658 2676 1744 2738 quae
1769 2659 1804 2720 in

257 2769 476 2843 supremitate
493 2786 554 2829 sua
571 2769 803 2830 testitudinem
819 2769 931 2843 habet,
951 2770 984 2829 in
1000 2785 1065 2845 qua
1083 2775 1151 2830 tres
1170 2767 1335 2830 fenestrae
1353 2773 1441 2842 sunt,
1458 2767 1617 2843 quoniam
1633 2767 1805 2840 magnaei

260 2870 460 2932 inconeussa
477 2872 618 2932 firmitas
633 2875 727 2934 velut
743 2873 847 2934 turris
866 2873 898 2932 in
914 2873 1101 2949 perditione
1119 2878 1182 2948 est,
1201 2873 1234 2932 in
1250 2889 1317 2949 qua
1341 2873 1498 2948 superbia
1515 2869 1612 2948 quasi
1638 2869 1671 2928 in
1688 2883 1806 2944 supre-

258 2975 374 3036 mitate
392 2993 454 3036 sua
470 2977 648 3052 quamdam
666 2979 882 3038 securitatem
897 2978 990 3038 velut
1006 2978 1237 3039 testitudinem
1254 2983 1361 3053 parat,
1379 2993 1465 3054 quae
1481 2992 1545 3036 non
1559 2973 1600 3036 ad
1612 2973 1728 3048 Deum,
1744 2973 1804 3036 sed

257 3079 293 3140 in
309 3079 483 3140 tristitiam
497 3083 615 3142 mortis
631 3080 745 3157 tendit;
762 3081 818 3143 ubi
831 3082 934 3143 etiam
947 3099 1049 3144 sensu
1066 3085 1099 3143 et
1115 3083 1288 3144 intellectu
1305 3097 1343 3140 ac
1361 3081 1513 3156 seientia,
1529 3081 1627 3157 quasi
1644 3081 1678 3140 in
1693 3079 1804 3139 tribus

258 3180 414 3242 fenestris
431 3184 605 3260 prospicit,
624 3191 788 3262 quatenus
805 3187 934 3247 animas
951 3187 992 3247 ad
1009 3187 1227 3264 perditionem
1245 3185 1419 3264 perducat;
1438 3184 1610 3261 inquibus
1627 3184 1731 3246 etiam
1747 3199 1804 3244 ve-

259 3299 330 3346 ram
348 3285 446 3348 fldem
465 3290 601 3348 sanctae
617 3290 789 3350 Trinitatis
806 3293 962 3367 abnegat,
980 3307 1056 3352 curn
1081 3308 1182 3352 unum
1198 3290 1302 3352 Deum
1326 3290 1360 3350 in
1383 3291 1491 3350 tribus
1507 3289 1661 3366 persenis
1685 3293 1719 3348 et
1734 3294 1806 3350 tres

259 3405 422 3470 personas
440 3392 474 3452 in
490 3407 555 3453 uno
571 3393 639 3454 Deo
656 3411 730 3454 csse
747 3412 812 3456 non
829 3395 945 3456 credit.
964 3395 1056 3468 Quod
1073 3399 1184 3457 autem
1203 3395 1265 3458 sub
1281 3396 1331 3456 cis
1347 3394 1413 3455 duo
1430 3393 1568 3455 brachia
1585 3392 1731 3454 bominis
1747 3407 1806 3468 ap-

259 3497 389 3572 parent,
408 3513 551 3574 quorum
568 3515 685 3559 manus
703 3515 804 3576 super
819 3501 970 3561 eamdem
988 3501 1219 3560 testitudinem
1235 3499 1469 3572 extenduntur,
1488 3497 1551 3558 hoc
1567 3503 1619 3558 est
1636 3497 1724 3574 quod
1742 3497 1806 3560 sub

258 3602 492 3679 prospectione
507 3603 702 3678 perditionis
719 3605 830 3664 nullus
847 3608 1020 3681 respectus
1035 3604 1240 3666 fortitudinis
1252 3603 1277 3684 ²)
1297 3605 1335 3664 ad
1353 3603 1471 3678 Deum,
1489 3603 1548 3664 sed
1569 3602 1611 3662 ad
1628 3602 1803 3664 Diabolum

258 3709 323 3784 est,
342 3707 398 3768 ubi
415 3707 515 3768 homo
531 3723 591 3785 par
604 3709 833 3770 infidelitatem
846 3725 882 3770 se
900 3711 941 3771 ad
958 3711 1081 3772 malum
1097 3725 1229 3786 semper
1241 3709 1352 3785 erigit,
1371 3709 1418 3769 ita
1430 3708 1518 3786 quod
1536 3707 1714 3770 maledicta
1727 3723 1807 3784 ope·

261 3827 299 3874 ra
316 3829 376 3873 sua
394 3828 496 3889 super
513 3813 721 3874 mortiferam
739 3816 955 3876 securitatem
971 3814 1130 3888 extendit,
1149 3829 1223 3874 cum
1242 3828 1338 3890 spem
1354 3828 1448 3874 suam
1466 3828 1530 3871 non
1556 3809 1728 3884 addeum,
1747 3809 1807 3870 sed

259 3917 301 3979 ad
318 3934 457 3979 vacuam
475 3919 656 3979 vanitatem
674 3919 799 3996 dirigit.
817 3919 857 3980 Et
872 3918 988 3980 eadem
1006 3918 1145 3978 brachia
1158 3918 1305 3978 tenebris
1322 3917 1419 3994 quasi
1435 3915 1575 3978 manicis
1588 3915 1754 3986 velantur,
1771 3918 1806 3972 et

260 4037 378 4082 manus
394 4037 511 4082 eorum
529 4021 647 4096 nudae,
666 4022 725 4084 sad
742 4029 853 4084 temen
868 4022 984 4098 igneae
1002 4023 1090 4097 sunt;
1109 4022 1188 4099 quia
1206 4020 1365 4082 fortitudo
1382 4025 1416 4080 et
1428 4019 1636 4096 perversitas
1651 4015 1809 4096 perditio-

262 4123 318 4184 uis
336 4123 368 4188 in
385 4123 591 4186 obscuritate
608 4140 648 4186 ac
663 4126 698 4188 in
714 4125 878 4190 absconso
896 4125 1166 4208 latrocinantium
1184 4141 1314 4186 morum
1332 4125 1395 4198 eet,
1421 4138 1496 4184 cum
1514 4121 1643 4184 animas
1668 4135 1808 4194 sequen-

262 4229 346 4288 tium
365 4243 401 4289 se
419 4229 563 4290 latenter
578 4229 712 4305 occidit,
731 4230 787 4291 ubi
804 4231 907 4292 etiam
924 4247 1026 4308 opera
1043 4247 1278 4308 perversorum
1296 4227 1468 4290 hominurn
1489 4225 1577 4286 nuda
1595 4224 1721 4298 absque
1737 4237 1808 4280 om-

264 4330 298 4390 ni
317 4330 494 4391 sanctitate
512 4337 601 4406 sunt;
620 4331 677 4392 sed
697 4339 806 4392 tamen
824 4333 975 4394 ardentia
993 4335 1026 4394 in
1042 4334 1117 4410 igue
1135 4332 1379 4406 amaritudinis,
1398 4329 1470 4390 sine
1493 4328 1584 4388 omni
1600 4342 1659 4402 spe
1675 4323 1806 4398 salutis;

263 4449 341 4494 nam
357 4433 439 4494 haec
455 4435 599 4511 perditio
612 4435 694 4496 nihil
710 4435 801 4495 aliud
818 4438 961 4512 quaerit,
976 4437 1058 4498 nihil
1074 4438 1165 4498 aliud
1178 4437 1359 4510 desiderat,
1377 4450 1478 4511 quam
1491 4431 1621 4492 animas
1639 4429 1717 4488 illuc
1732 4443 1809 4504 per-

264 4535 400 4611 ducere,
419 4539 476 4599 ubi
500 4545 534 4599 et
550 4539 625 4616 ipsa
648 4543 711 4615 est,
730 4547 766 4601 ut
782 4541 883 4601 etiam
911 4541 944 4602 in
961 4543 1093 4618 loquela
1112 4558 1172 4602 sua
1189 4539 1345 4614 ostendit,
1364 4545 1402 4598 ut
1424 4539 1727 4614 praemonstratum
1744 4539 1808 4594 est.

265 4639 329 4702 Sed
354 4643 497 4703 salvatio
521 4645 708 4704 animarum
732 4643 840 4720 ipsam
865 4645 1052 4722 redarguit,
1081 4650 1115 4706 et
1141 4661 1182 4706 nc
1207 4644 1359 4704 homines
1377 4643 1469 4702 illam
1488 4639 1670 4713 imitentur,
1696 4636 1809 4696 admo-

265 4749 324 4805 net
338 4737 376 4824 ⁸),
395 4745 552 4822 quoniam
568 4745 712 4823 perditio
729 4747 961 4824 salvationem,
977 4750 1074 4825 quasi
1091 4747 1232 4808 nihilum
1246 4747 1302 4822 sit,
1318 4745 1428 4806 babet.
1445 4744 1521 4820 ipsa
1537 4744 1649 4802 autem
1665 4736 1810 4816 perditio

265 4848 300 4910 in
316 4850 502 4926 perditione
526 4857 590 4927 est,
609 4868 670 4914 nec
694 4853 800 4913 ullum
816 4855 1000 4915 remedium
1025 4853 1222 4914 salvationis
1240 4852 1271 4912 iu
1297 4850 1483 4912 salvatione
1505 4847 1616 4923 habet,
1635 4845 1713 4922 quia
1731 4859 1810 4904 con·

266 4958 320 5014 tra
335 4955 438 5018 Deum
456 4964 519 5034 est,
545 4958 702 5036 quoniam
721 4959 769 5020 illi
788 4959 972 5024 adhaerere
987 4959 1105 5034 voluit,
1131 4959 1188 5036 qui
1204 4958 1332 5022 nullam
1357 4957 1466 5020 lucam
1487 4953 1600 5028 babet,
1626 4951 1685 5014 sed
1701 4949 1758 5028 qui
1776 4948 1811 5010 iu

266 5059 414 5122 tenebris
431 5069 553 5136 manat;
574 5065 610 5124 ut
624 5061 787 5128 ieremias
804 5064 967 5140 propheta
984 5063 1108 5139 Spiritu
1123 5063 1243 5124 Sancto
1260 5061 1450 5126 admonitus
1467 5059 1559 5122 dicit.

305 5209 324 5274 Ι)
337 5211 448 5282 frendat
462 5214 508 5269 W.
525 5247 557 5254 -—
570 5217 592 5282 ²)
606 5217 765 5286 formidinis
778 5217 810 5272 Α.
845 5249 860 5256 -·
874 5217 895 5283 ³)
909 5221 1013 5274 moneat
1025 5216 1070 5270 W.
