3998 6100
721 585 966 636 ursanvrrn
992 585 1227 636 wnrnmronusr
1677 573 1719 636 te

197 705 314 786 lugere
330 704 532 781 studuerint,
550 703 661 768 cilicio
677 710 711 767 ct
727 704 869 782 tlagellis
886 721 923 766 sc
939 706 1116 783 castigent,
1136 721 1175 767 ao
1192 702 1337 782 simplici
1353 719 1439 782 pane
1455 710 1488 764 et
1505 703 1651 782 simplici
1664 722 1752 784 aqna

197 829 237 873 se
252 817 434 887 macerent,
453 811 636 873 secundum
653 810 740 889 quod
756 811 990 886 delectatione,
1008 810 1192 886 voluntate,
1210 816 1244 870 ct
1260 816 1422 886 tempore,
1444 816 1478 870 et
1498 812 1754 872 conversatione

197 919 433 991 peccaverunt,
447 919 482 973 et
498 913 681 976 secundum
694 913 784 991 quod
796 930 898 974 verus
914 920 1123 990 praeceptor,
1140 914 1173 973 in
1189 913 1398 974 humanitate
1415 929 1487 988 sua,
1502 913 1752 990 poenitentibus

197 1018 438 1094 poenitentiam
454 1034 531 1080 cum
547 1018 740 1079 ostensione
753 1018 968 1079 sacerdotum
985 1017 1115 1093 indixit;
1130 1017 1289 1094 quoniam
1305 1018 1363 1095 qui
1377 1017 1469 1093 juste
1480 1019 1652 1094 poenitere
1667 1020 1752 1096 vult,

194 1120 300 1196 judici
317 1138 379 1182 suo
402 1122 613 1198 praesentari
628 1122 740 1198 debet,
765 1137 826 1199 per
840 1137 941 1199 quem
963 1121 1058 1198 iuxta
1076 1121 1212 1180 modum
1228 1121 1358 1196 peccati
1379 1119 1584 1197 poenitentia
1600 1122 1632 1182 ei
1650 1122 1753 1200 impo-

198 1231 308 1286 natur.
333 1226 435 1287 ludex
457 1232 570 1286 autem
595 1227 660 1288 iste
682 1227 841 1288 sacerdos
866 1227 899 1287 in
914 1227 989 1286 vice
1012 1224 1164 1302 ejusdem
1188 1225 1248 1286 lilii
1270 1225 1335 1286 mei
1359 1230 1421 1285 est.
1440 1225 1521 1287 Cum
1546 1225 1635 1285 onim
1659 1241 1754 1287 mens

197 1329 343 1394 bominis
367 1347 404 1391 se
421 1332 529 1408 ipsam
546 1337 695 1407 accusat,
716 1331 884 1392 sacerdoti
900 1345 961 1406 per
977 1331 1203 1390 ostensionem
1218 1335 1434 1406 peccatorum
1450 1345 1588 1389 suorum
1606 1345 1642 1390 ss
1658 1346 1754 1406 prae·

195 1439 322 1510 sentet,
352 1436 632 1512 quemadmodum
656 1437 690 1496 in
714 1436 788 1511 lege
811 1434 852 1495 de
876 1434 1020 1511 leprosis
1049 1450 1109 1511 per
1134 1434 1296 1496 famulum
1320 1449 1432 1492 meum
1455 1433 1590 1508 Moysen
1617 1432 1753 1494 demon-

198 1541 343 1598 stratum
366 1545 429 1600 est.
455 1538 583 1600 Idcirco
601 1545 713 1600 autem
729 1543 868 1616 peccata
884 1538 1051 1599 sacerdoti
1068 1536 1313 1598 manifestanda
1337 1541 1427 1612 sunt,
1446 1537 1526 1612 quia
1542 1537 1752 1598 verecundus

199 1641 302 1702 timor
317 1641 540 1706 confessionis
557 1643 673 1706 sudori
689 1642 749 1707 sslii
766 1643 832 1706 mei
848 1641 957 1716 adest,
975 1648 1009 1702 et
1026 1641 1231 1718 poenitentia
1247 1641 1354 1718 guttis
1372 1638 1546 1716 sanguinis
1563 1640 1681 1717 ipsius.

916 1815 1049 1914 txxx.'

645 2059 900 2126 Pestilentiae
929 2059 1096 2122 secerdote
1121 2059 1312 2138 procedens.

239 2272 293 2334 ot.
318 2272 527 2334 Poenitentia
551 2272 640 2332 enim
656 2273 831 2349 probatur,
856 2285 943 2348 qnae
959 2286 979 2330 a
1003 2267 1179 2329 sacerdote
1195 2268 1358 2345 procedit,
1377 2269 1535 2344 quoniam
1559 2273 1594 2328 ct
1611 2287 1630 2328 a
1648 2271 1753 2328 torto-

198 2377 292 2438 ribus
315 2393 424 2455 poena
447 2377 623 2442 animabus
646 2393 713 2444 non
736 2375 892 2450 infertur,
917 2373 983 2434 nisi
1000 2372 1184 2438 secundum
1207 2372 1296 2451 quod
1319 2371 1376 2437 illa
1393 2389 1412 2434 a
1429 2377 1608 2454 praecepto
1629 2371 1753 2446 judicis

203 2480 408 2548 extenditur.

912 2688 1045 2750 LXXXI.

804 2896 853 2958 De
875 2911 987 2956 umore
1011 2894 1146 2955 soeculi.

241 3101 297 3164 95.
322 3104 426 3166 Amor
441 3108 552 3164 autem
579 3102 705 3166 macuti
721 3102 826 3166 Deum
850 3119 916 3164 non
940 3103 1047 3175 timet,
1072 3115 1134 3161 nec
1149 3100 1272 3177 diligit,
1293 3100 1352 3161 scd
1374 3101 1487 3160 omnia
1507 3117 1596 3178 qnae
1618 3102 1754 3162 sibimet

197 3206 342 3284 placent,
368 3206 463 3268 adse
486 3207 626 3283 colligit,
645 3213 678 3266 et
695 3221 966 3284 unamquamque
982 3219 1171 3281 remquam
1190 3205 1222 3263 in
1243 3205 1411 3264 creaturis
1429 3203 1577 3280 allectat,
1596 3205 1756 3266 audacter

195 3325 313 3372 coram
327 3311 394 3372 Deo
418 3319 567 3388 excusat,
593 3313 708 3372 dicens
724 3329 764 3373 ea
781 3312 822 3374 ad
848 3327 946 3373 usum
963 3327 1062 3372 suum
1078 3327 1154 3372 csse
1179 3315 1293 3370 crecta
1308 3305 1343 3388 ¹).
1361 3311 1453 3370 Unde
1470 3317 1504 3370 et
1520 3311 1626 3372 Deum
1650 3327 1750 3389 quem

197 3413 317 3474 timere
340 3413 467 3488 debuit,
484 3432 550 3476 non
574 3415 684 3490 timet,
703 3415 762 3475 sed
785 3414 958 3492 propriam
974 3415 1181 3474 voluntatem
1205 3429 1266 3489 pro
1284 3411 1351 3473 Deo
1376 3411 1495 3474 babuit
1509 3411 1547 3492 ²);
1566 3429 1626 3473 nec
1650 3415 1752 3474 etiam

195 3516 301 3580 Deum
324 3517 446 3595 diligit,
464 3519 544 3597 quia
567 3520 717 3581 carnalia
733 3519 901 3580 desideria
924 3535 990 3580 non
1008 3517 1178 3596 relinquit,
1196 3533 1258 3576 nec
1281 3522 1420 3594 propter
1437 3517 1614 3578 caritatem
1637 3516 1696 3578 Dei
1714 3533 1751 3577 se

197 3621 398 3697 incarcerat,
416 3622 474 3682 sed
498 3627 568 3684 toto
586 3622 754 3684 desiderio
771 3622 945 3684 sacculum
968 3621 1193 3699 amplectitur.
1213 3621 1336 3681 Contra
1361 3618 1449 3680 bunc
1465 3625 1578 3684 autem
1602 3635 1752 3684 amorem

196 3723 365 3802 Salomon,
383 3725 505 3806 spiritu
522 3727 708 3806 sapientiae
725 3727 886 3802 imbutus,
904 3725 1054 3802 loquitur
1070 3723 1196 3785 dicens:

904 3933 1053 3996 LXXXII.

820 4141 920 4205 Verbo
945 4142 1139 4206 Salomonis.

242 4355 297 4418 96.
323 4356 466 4418 initium
489 4357 673 4434 sapientiae
697 4355 796 4414 timor
813 4353 960 4427 Domina
986 4358 1017 4412 ct
1039 4370 1114 4413 cum
1138 4349 1288 4431 fidelibus
1312 4352 1349 4410 in
1373 4350 1472 4409 vulco
1494 4357 1664 4412 concretus
1686 4357 1749 4424 est,

198 4479 275 4522 cum
299 4461 413 4524 electis
436 4461 571 4538 [eminis
593 4459 757 4529 creditur,
780 4463 811 4518 ct
835 4454 1024 4530 cumjustts
1048 4461 1077 4516 ct
1103 4453 1251 4535 fidelibus
1276 4457 1465 4532 opnoscitcr
1480 4449 1516 4534 ⁵).
1534 4456 1626 4528 Quod
1650 4459 1752 4518 etiam

199 4565 250 4625 sic
274 4563 527 4641 intelligendum
549 4569 613 4624 cst.
629 4563 763 4624 Primus
780 4565 938 4638 aspectus
967 4559 1153 4636 sapientiae
1176 4560 1277 4619 timor
1299 4557 1428 4618 Domini
1450 4564 1514 4632 est,
1540 4559 1754 4634 quemadmo-

197 4667 277 4729 dum
302 4683 425 4728 aurora
449 4667 555 4728 solem
578 4666 758 4743 praecedit.
785 4665 868 4727 Cum
883 4665 974 4725 enim
997 4664 1135 4724 homos
1158 4663 1225 4722 Deo
1244 4677 1281 4721 se
1305 4666 1457 4721 creatum
1482 4675 1558 4720 esse
1584 4662 1753 4739 intelligit,

197 4771 302 4834 Deum
318 4773 438 4834 timere
455 4773 581 4852 incipit.
599 4773 692 4846 Quod
709 4788 788 4834 vero
807 4773 956 4847 timetur,
974 4770 1170 4842 bonoratnr;
1188 4774 1223 4828 et
1239 4768 1326 4845 quod
1345 4767 1539 4841 bonoratur,
1558 4772 1701 4843 amatur;
1720 4775 1754 4829 ct

199 4879 230 4938 si
242 4877 333 4956 juste
349 4884 493 4952 amatur,
511 4877 613 4940 ctiam
628 4878 720 4955 iuste
744 4877 939 4938 bonoratur.
956 4875 1047 4938 Unde
1065 4875 1164 4936 bomo
1182 4873 1239 4950 qui
1257 4888 1294 4933 se
1311 4889 1330 4932 a
1346 4871 1413 4932 Deo
1437 4886 1514 4931 esse
1531 4871 1607 4946 scit,
1626 4871 1660 4930 in
1676 4888 1755 4948 ope-

191 4981 294 5048 ribus
310 4981 382 5044 suis
406 4979 514 5043 fidelis
532 4985 577 5043 sit
594 4979 767 5060 (quoniam
790 4982 883 5043 velut
899 4981 1000 5042 vulva
1025 4978 1106 5040 tides
1125 4984 1318 5038 sanctorum
1335 4974 1401 5054 est)
1427 4980 1461 5036 et
1478 4974 1576 5034 fidem
1600 4974 1633 5034 in
1649 4973 1753 5034 Deum
1811 4997 1816 5006 ⁴

238 5240 259 5308 'l
272 5261 331 5300 eum
343 5245 381 5301 cd
396 5262 421 5300 u.
437 5265 458 5302 s.
473 5266 495 5303 e.
511 5253 628 5304 creatam
640 5245 673 5305 X.
690 5279 722 5288 -
736 5249 758 5316 ²)
774 5248 851 5304 batti
865 5247 898 5306 Α.
915 5281 947 5289 -
960 5249 983 5319 ³)
997 5247 1072 5308 Eccl.
1092 5255 1115 5314 l,
1136 5253 1174 5306 ld.
