3992 6092
697 531 818 581 ursan
845 531 947 578 rrrrs
975 529 1211 577 uanrronuu
1654 507 1696 568 63

184 676 201 716 a
221 645 285 720 alis
301 657 497 734 prophetiae
514 651 771 728 cherubizando,
788 651 877 710 Deus
895 649 927 709 in
944 647 1136 709 hominihus
1155 647 1245 709 lacit.
1265 665 1282 705 a
1301 645 1400 708 Liber
1416 652 1528 708 autem
1550 647 1733 723 pectoralis

182 763 257 822 alae
274 763 414 838 integer,
431 767 465 821 et
482 765 574 820 totus
591 759 696 833 niger,
715 771 754 816 ac
770 756 889 830 plenus
906 752 1081 813 stellarum
1098 749 1257 826 aristone,
1276 749 1427 812 candidis
1445 753 1581 828 litteris,
1599 752 1640 812 de
1656 770 1734 830 pro-

184 864 348 926 funditate
364 863 532 924 dictorum
555 861 717 921 librorum
734 857 927 930 contractis,
954 857 1117 934 plurimas
1135 853 1322 935 scripturas
1346 858 1546 932 compilatas
1563 857 1597 918 in
1621 874 1658 918 se
1675 857 1734 918 ha·

182 966 294 1042 behat,
319 984 406 1044 quas
420 963 613 1043 philosophi
637 968 671 1022 et
691 961 872 1038 sapientes,
897 977 937 1020 ex
953 959 1081 1022 eisdem
1106 963 1201 1024 libris
1227 961 1475 1036 abstrahentes,
1502 966 1734 1038 comportave-

183 1073 270 1140 rant,
288 1075 414 1128 etcum
430 1067 480 1128 eis
496 1068 626 1144 plateas
640 1065 793 1143 justitiae
810 1069 926 1124 contra
942 1063 1153 1125 Occidentem
1172 1070 1205 1125 et
1221 1065 1418 1140 Aquilonem
1431 1063 1498 1126 Dec
1514 1071 1730 1141 paraverant,

182 1172 276 1231 velut
292 1172 416 1248 aliquis
432 1169 532 1232 horno
557 1170 649 1245 facit,
667 1169 781 1246 quide
797 1173 897 1244 puteo
914 1178 1019 1244 aquas
1044 1161 1169 1243 haurit,
1187 1167 1307 1227 neceb
1324 1167 1387 1228 hoc
1404 1173 1528 1245 cessat,
1545 1168 1650 1230 donec
1671 1182 1734 1230 vas

181 1269 205 1352 ¹)
223 1291 322 1335 snum
338 1275 486 1353 impleat,
512 1272 792 1350 quemadmodum
807 1271 896 1331 Deus
914 1271 947 1332 in
970 1272 1136 1348 principio
1152 1287 1269 1332 omnes
1286 1277 1462 1332 creaturas
1488 1271 1578 1348 iecit,
1596 1288 1657 1332 neo
1675 1272 1733 1334 de-

185 1378 255 1453 siit,
273 1378 378 1438 donec
395 1377 529 1438 omnino
547 1391 649 1453 opera
666 1391 728 1436 sua
745 1374 939 1450 complevit.

229 1483 260 1544 2.
285 1483 461 1543 Praedicta
478 1488 589 1542 autem
606 1480 747 1542 candida
764 1480 881 1556 nubes,
899 1474 1014 1556 inqua
1031 1476 1118 1538 idem
1142 1479 1196 1538 vir
1210 1478 1253 1540 ab
1269 1473 1419 1540 humeris
1443 1491 1551 1557 usque
1568 1480 1609 1541 ad
1628 1478 1731 1541 semo·

183 1603 221 1646 ra
237 1602 300 1646 sua
323 1592 408 1661 erat,
424 1587 522 1662 plena
547 1584 734 1646 animarum
755 1583 926 1660 justorum
951 1581 1024 1643 fuit.
1040 1581 1081 1642 Et
1098 1581 1131 1642 in
1156 1582 1229 1659 ipsa
1246 1582 1333 1643 nube
1357 1582 1470 1644 audivi
1488 1585 1586 1660 quasi
1612 1597 1731 1646 vocem

182 1691 324 1751 tonitrui
348 1690 469 1750 leniter
487 1694 666 1750 tonantem:
694 1685 811 1747 «Date
835 1685 968 1746 laudem
984 1686 1055 1762 regi
1079 1688 1190 1747 omnia
1216 1687 1356 1764 regenti,
1383 1694 1416 1748 et
1432 1689 1575 1764 gloriam
1598 1688 1666 1752 Deo
1682 1692 1733 1752 vi·

184 1794 313 1853 »venti
331 1812 360 1854 n.
379 1793 470 1852 Tunc
493 1807 609 1852 omnes
633 1791 763 1851 animae
789 1789 875 1850 istae
898 1789 1075 1848 elevabant
1096 1804 1132 1848 se
1150 1790 1182 1849 in
1205 1805 1367 1866 processu
1384 1791 1485 1866 vitae,
1510 1794 1732 1869 procedentes

182 1903 217 1957 et
231 1914 298 1958 non
314 1901 533 1971 revertentes,
550 1891 576 1973 ²)
593 1891 873 1971 quemadmodum
890 1897 983 1952 rotae
1007 1892 1097 1953 vitae
1115 1893 1263 1954 ineunte
1287 1895 1409 1972 spiritu
1430 1895 1523 1956 ibant
1538 1903 1573 1956 et
1595 1915 1662 1958 non
1679 1913 1733 1958 re-

180 2001 411 2062 vertebantur.
428 1999 491 2060 Sed
516 2001 550 2060 in
565 1998 682 2059 eadem
705 1998 793 2058 nube
810 1999 844 2056 in
860 1998 1036 2058 secretiori
1059 1998 1144 2072 loco,
1162 1997 1248 2058 aliae
1273 1999 1404 2058 animae
1428 2001 1638 2061 occultorum
1655 2017 1733 2062 san-

182 2111 315 2166 atorum
330 2105 430 2183 quasi
455 2105 489 2164 in
504 2105 641 2181 speculo
658 2104 755 2164 valde
778 2105 958 2181 perspicuo
973 2103 1161 2163 occultatae
1186 2100 1332 2172 fuerunt,
1355 2103 1445 2162 omni
1462 2117 1583 2178 genere
1607 2105 1734 2182 pretio-

184 2209 400 2271 sissimorum
424 2209 572 2287 lapidum
588 2225 628 2268 ac
651 2207 741 2269 omni
764 2223 885 2284 genere
901 2207 1033 2268 decoris
1049 2206 1236 2266 decoratae.
1254 2205 1316 2276 Qui
1332 2207 1433 2266 etiam
1459 2208 1550 2269 tubis
1567 2209 1736 2292 canebant

183 2318 218 2374 et
234 2313 384 2374 citharas
401 2314 435 2374 in
451 2313 542 2374 omni
558 2326 680 2389 genere
696 2312 903 2372 musicorum
920 2311 1163 2387 percutiebant,
1180 2316 1214 2370 et
1231 2309 1412 2370 seeundum
1438 2327 1558 2372 sonum
1576 2310 1681 2372 maris
1698 2315 1733 2371 et

183 2433 348 2494 aquarum
365 2418 547 2476 multarum
564 2416 776 2477 resonabant.
794 2416 834 2475 Et
850 2416 953 2476 etiam
969 2415 1062 2491 ipsae
1078 2411 1242 2476 dixerunt:
1260 2433 1276 2472 α
1295 2415 1459 2486 Quamdiu
1473 2417 1730 2494 sustinebimus,

183 2540 201 2577 a
219 2525 254 2580 et
269 2521 402 2596 quando
420 2521 532 2581 veniet
548 2525 692 2597 tempus,
710 2521 799 2596 quod
814 2510 840 2600 ³)
858 2534 960 2596 opera
976 2524 1104 2593 nostra,
1123 2533 1209 2594 quae
1223 2517 1256 2578 in
1271 2518 1394 2594 platea,
1413 2536 1498 2598 quae
1515 2527 1592 2580 ante
1610 2520 1732 2584 faciem

183 2643 201 2682 ι
218 2623 278 2685 Dei
294 2629 358 2699 est,
375 2631 549 2702 apparent,
567 2624 664 2686 nobis
677 2625 894 2686 tabernacula
910 2629 1026 2684 nostra
1050 2637 1163 2682 coram
1179 2620 1246 2681 Deo
1264 2621 1415 2699 reddant,
1435 2629 1472 2684 ut
1496 2625 1623 2702 absque
1640 2627 1733 2688 vela-

183 2727 309 2786 »rnine
336 2727 441 2804 lloysi
471 2727 590 2788 taciem
617 2728 691 2804 ejus
718 2728 944 2790 videamuslr
973 2727 1013 2788 Et
1040 2725 1191 2786 divinum
1215 2741 1415 2801 responsum
1433 2727 1501 2788 illis
1526 2728 1640 2790 datum
1665 2737 1728 2792 est:

182 2849 199 2889 a
219 2831 290 2892 Hoc
305 2847 372 2891 non
387 2831 452 2890 erit
468 2837 649 2908 antequam
665 2835 810 2908 quatuor
827 2833 918 2893 venti
936 2847 972 2892 se
990 2831 1132 2891 invicem
1158 2830 1415 2906 implicaverint,
1434 2837 1468 2892 ct
1492 2833 1635 2894 invicem
1652 2849 1730 2896 con-

182 2935 384 3010 suaserint,
410 2941 444 2994 et
467 2939 647 3010 antequam
664 2941 766 3012 caput
789 2937 920 3013 antiqui
936 2935 1107 3013 Serpentis
1132 2937 1239 2994 totum
1259 2940 1464 3011 conteratur,
1490 2941 1524 2996 et
1545 2936 1630 2997 nihil
1654 2938 1732 3014 plus

183 3059 200 3096 ι
219 3040 341 3116 possit,
358 3045 394 3098 ct
409 3044 588 3115 antequam
605 3040 657 3100 sol
673 3057 749 3102 cum
767 3043 860 3102 leone
878 3043 989 3103 omnia
1006 3041 1156 3101 volatilia
1174 3057 1236 3100 sua
1256 3039 1439 3115 collegerit.
1460 3057 1476 3098 r
1503 3041 1541 3101 m
1557 3040 1731 3118 praelatae

179 3147 312 3206 animae
325 3144 495 3220 iustorum
511 3145 597 3205 istos
614 3149 764 3208 occultos
780 3147 839 3208 Dei
857 3155 993 3208 sanctos
1010 3145 1162 3205 sciebant
1177 3149 1212 3202 et
1234 3141 1414 3202 audiebant
1430 3148 1464 3204 et
1479 3145 1572 3204 velut
1589 3146 1733 3221 perluci-

179 3252 261 3312 dum
278 3251 451 3328 speculum
475 3266 534 3312 eos
550 3250 719 3327 videbant,
745 3257 779 3312 et
796 3253 837 3314 ad
856 3270 1017 3331 responsa
1040 3252 1091 3312 cis
1107 3251 1187 3312 data
1212 3249 1425 3324 anhelabant,
1444 3264 1520 3309 curn
1547 3251 1597 3310 eis
1614 3265 1732 3328 exspe-

179 3361 324 3430 ctantes,
342 3354 421 3414 dum
439 3355 491 3414 leo
507 3371 639 3416 omnem
657 3357 805 3430 rugitum
822 3373 921 3418 suum
937 3358 1082 3432 emittat,
1100 3361 1134 3416 et
1146 3354 1252 3415 donec
1269 3369 1367 3414 omne
1386 3351 1534 3413 schisma
1552 3353 1586 3414 in
1602 3355 1731 3418 mundo.

181 3458 329 3518 liniatur.

224 3564 257 3624 3.
282 3563 322 3622 Et
338 3578 416 3622 ecce
441 3563 473 3622 in
490 3561 662 3639 praedicta
686 3563 819 3640 nebula,
838 3567 872 3625 in
894 3579 961 3641 qua
986 3564 1121 3625 diversa
1146 3577 1269 3639 genera
1293 3563 1465 3639 vitiorum,
1484 3570 1520 3624 ut
1540 3565 1731 3642 praelatum

179 3671 236 3725 est
251 3667 358 3742 prius,
376 3666 538 3742 videram,
555 3679 633 3728 ecce
649 3683 736 3728 nuno
750 3664 775 3746 1)
793 3675 868 3730 octo
881 3671 964 3730 vitia
982 3670 1013 3729 in
1031 3667 1234 3743 imaginihus
1251 3665 1323 3726 suis
1340 3664 1374 3727 in
1387 3667 1474 3728 hunc
1487 3668 1621 3729 modurn
1638 3669 1731 3729 vide-

181 3769 270 3830 barn.
288 3769 473 3840 Quamdam
488 3771 578 3831 enim
595 3770 774 3847 imaginem
793 3772 875 3846 vidi,
894 3779 930 3832 ut
946 3777 1147 3850 serpentem,
1165 3773 1197 3833 in
1222 3771 1386 3848 praefatis
1402 3773 1550 3834 tenebris
1575 3775 1730 3850 supinam

181 3873 362 3948 jacentem,
378 3873 476 3949 cujus
490 3873 580 3934 oculi
598 3879 635 3934 ut
652 3874 739 3949 ignis
755 3875 929 3952 ardebant,
947 3881 981 3936 et
998 3875 1094 3958 cuius
1111 3876 1224 3952 lingua
1239 3891 1279 3936 ex
1295 3891 1354 3936 ore
1371 3875 1478 3953 ipsius
1498 3883 1636 3938 extensa
1654 3877 1729 3952 luit,

180 3983 218 4036 et
234 3977 331 4053 cujus
355 3976 462 4037 cauda
480 3978 513 4037 in
537 3975 601 4038 fine
617 3976 752 4039 abscisa
775 3985 858 4040 erat.
877 3980 1006 4056 Corpus
1032 3986 1143 4041 autern
1161 3981 1267 4056 ipsius
1288 3981 1375 4055 nigri
1392 3979 1516 4040 coloris
1540 3987 1624 4055 erat,
1643 3986 1677 4041 et
1693 3982 1732 4042 li-

182 4095 266 4140 neae
282 4079 398 4156 pallidi
414 4087 448 4141 et
464 4081 622 4142 venenosi
639 4082 763 4143 coloris
779 4099 799 4144 a
816 4085 925 4160 capite
938 4081 1012 4160 ejus
1029 4083 1187 4143 deorsum
1203 4083 1237 4142 in
1254 4082 1460 4158 longitudine
1472 4083 1729 4148 descendebant.

181 4183 246 4243 Sed
264 4191 381 4243 venter
397 4185 504 4260 ipsius
522 4191 659 4262 apertus
677 4185 750 4262 luit,
768 4188 882 4264 inquo
900 4189 1010 4263 imago
1027 4187 1184 4263 hominis,
1202 4189 1294 4248 velut
1312 4190 1344 4248 in
1361 4188 1468 4262 cunis,
1484 4191 1603 4266 supina
1613 4191 1731 4267 jacens

154 4305 156 4310 ·
183 4288 352 4364 apparuit,
366 4303 452 4363 quae
466 4303 567 4364 super
580 4294 680 4365 caput
693 4305 791 4349 suum
805 4291 947 4353 habebat
961 4291 1097 4366 pileum,
1115 4295 1151 4348 ut
1165 4290 1306 4364 galeam,
1322 4291 1528 4366 aliquantum
1542 4292 1644 4352 altius
1661 4308 1733 4352 ere·

186 4399 286 4468 ctam,
304 4399 338 4453 et
354 4393 450 4454 albos
467 4394 608 4470 capillos
630 4395 693 4454 sub
709 4395 826 4456 eodem
842 4394 930 4472 pileo
948 4395 988 4455 ad
1006 4394 1164 4454 humeros
1188 4393 1437 4454 descendentes.
1457 4395 1556 4455 Veste
1572 4395 1674 4454 etiam
1691 4411 1731 4455 ex

184 4497 277 4556 tenui
293 4503 327 4556 et
343 4496 419 4556 albo
437 4497 545 4557 serico
563 4497 676 4558 induta
692 4504 776 4574 erat,
794 4500 917 4560 amicta
934 4513 1067 4576 quoque
1082 4499 1184 4574 pallio
1201 4499 1288 4574 quod
1306 4501 1411 4560 colori
1427 4501 1577 4576 eJusdem
1595 4517 1730 4578 serpen-

183 4601 229 4659 tis
247 4599 510 4660 assimilabatur.

221 4807 243 4876 'l
254 4809 338 4864 doux
348 4825 377 4864 ω
389 4805 422 4863 Α.
435 4809 501 4874 -ll
510 4816 536 4865 et
545 4815 703 4866 menam
715 4809 750 4867 Α.
761 4811 827 4880 -³)
840 4821 941 4886 ternpus
953 4817 1026 4889 quod
1037 4812 1115 4872 codd.
1129 4819 1158 4870 et
1170 4812 1311 4872 iterumn.
1325 4818 1368 4871 ab.
1382 4815 1444 4882 ‹-⁴)
1455 4818 1536 4872 etium
1545 4831 1616 4870 nuno
1630 4815 1675 4870 W.
