3998 6100
718 549 838 598 LIBER
865 545 968 596 VIM
995 545 1228 594 MERITORUM

922 767 1015 832 XXX.

474 983 614 1042 Animae
632 985 821 1040 sanctorum
835 980 976 1057 plenum
992 978 1153 1055 paediam
1169 977 1317 1036 troadam
1334 975 1463 1037 habent.

239 1189 292 1250 42.
318 1187 381 1248 Sed
405 1190 440 1248 et
463 1188 552 1270 siout
574 1192 674 1248 vetus
697 1187 763 1247 Lex
784 1185 982 1248 obumbrata
1000 1185 1075 1259 fuit,
1092 1199 1178 1246 nova
1195 1189 1308 1244 autern
1324 1189 1439 1260 aperte
1455 1167 1558 1256 videt,
1574 1180 1626 1240 sic
1641 1177 1744 1240 etiam

193 1293 324 1352 animae
341 1297 546 1367 sauctorum,
564 1291 768 1352 habitaculis
784 1292 857 1352 suis
876 1297 1006 1366 exutae,
1021 1290 1156 1365 plenum
1175 1287 1345 1364 gaudium,
1364 1287 1456 1348 velut
1473 1287 1506 1346 in
1521 1287 1628 1346 veteri
1644 1285 1742 1362 Lege,

193 1414 259 1457 nou
282 1397 407 1458 habent
422 1391 459 1477 ¹),
484 1398 643 1474 quoniam
661 1396 782 1457 faciem
798 1395 909 1455 Patris
926 1394 968 1454 ad
984 1393 1171 1470 perfectum
1187 1392 1334 1454 nondum
1348 1391 1474 1468 vidant;
1493 1391 1572 1467 quia
1588 1390 1744 1466 impossi-

193 1499 262 1559 bile
285 1507 389 1576 esset,
414 1500 502 1577 quod
527 1515 607 1577 pars
629 1499 805 1560 dimidiata
830 1498 912 1558 illud
929 1497 1017 1575 quod
1041 1499 1208 1574 integrum
1223 1502 1276 1556 est
1293 1495 1333 1556 ad
1350 1495 1485 1572 plenum
1501 1493 1641 1554 videret.
1657 1493 1743 1553 Cum

193 1611 306 1664 autem
330 1605 523 1666 habitacula
547 1621 608 1666 sua
631 1604 831 1680 receperint,
854 1609 888 1663 et
904 1603 1054 1678 integrae
1072 1602 1206 1677 fuerint,
1225 1601 1258 1662 id
1274 1600 1363 1678 quod
1381 1601 1549 1675 integrum
1563 1603 1597 1656 et
1613 1595 1654 1656 ad
1669 1607 1745 1672 per-

191 1708 316 1768 fectum
338 1710 530 1786 inspicient,
555 1717 590 1770 et
613 1709 731 1770 amodo
755 1725 821 1769 uon
842 1707 1074 1783 mutabuntur,
1102 1708 1193 1768 velut
1216 1721 1303 1766 nova
1327 1707 1393 1766 Lex
1416 1721 1455 1764 ea
1472 1697 1620 1780 perfecte
1636 1701 1741 1777 vitiet,

190 1827 277 1887 quae
292 1817 391 1874 vetus
407 1813 607 1874 obumbrata
622 1814 819 1890 dignoscere
835 1827 901 1872 non
916 1811 1036 1888 potuit,
1055 1826 1116 1871 nec
1132 1826 1279 1887 unquam
1297 1811 1330 1868 in
1346 1808 1438 1868 aliud
1454 1806 1650 1868 mutabitur.

912 2020 1020 2082 XXXI.

505 2227 633 2290 Vocatio
656 2230 734 2288 aovi
754 2227 873 2307 populi
896 2230 934 2288 in
957 2226 1169 2287 tribulatione
1193 2245 1260 2286 noa
1284 2231 1426 2287 corruet.

237 2435 290 2496 te.
316 2437 343 2496 A
365 2437 506 2512 genibus
531 2451 664 2513 quoque
688 2437 730 2497 ad
754 2454 852 2498 suras
877 2453 957 2496 suas
981 2437 1014 2496 iu
1030 2443 1121 2496 terra
1137 2442 1201 2511 est,
1219 2437 1378 2512 quoniam
1395 2441 1431 2496 ut
1447 2451 1554 2510 genua
1572 2435 1741 2496 hominem

191 2546 339 2617 portant,
357 2549 391 2601 et
408 2548 445 2601 ut
462 2557 560 2602 surae
577 2541 719 2618 pedibus
737 2541 967 2602 fortitudinem
983 2541 1155 2617 praebent,
1174 2542 1220 2600 ita
1236 2542 1339 2600 etiam
1354 2540 1442 2600 Deus
1458 2539 1570 2600 omnia
1587 2539 1690 2614 vehit,
1708 2545 1742 2598 et

192 2646 305 2706 omnia
329 2645 508 2721 confortat,
534 2661 573 2706 ao
596 2651 707 2706 terrae
725 2645 955 2706 fortitudinem
970 2645 1039 2720 dat,
1057 2651 1223 2722 quatenus
1240 2651 1392 2704 caeteras
1406 2650 1582 2704 creaturas
1599 2644 1744 2702 sustine-

191 2766 228 2809 re
252 2753 371 2828 possit,
395 2752 474 2827 quia
491 2751 564 2827 ipsa
582 2750 743 2811 fortitudo
761 2751 904 2811 aliarum
920 2750 1196 2811 constitutionum
1212 2755 1274 2810 est.
1291 2749 1374 2810 Nam
1391 2749 1589 2809 terravelut
1606 2761 1692 2822 genu
1708 2752 1742 2806 et

189 2855 283 2915 velut
308 2871 407 2916 surae
430 2857 573 2916 aliarum
597 2861 830 2916 creaturarum
853 2860 918 2930 est,
942 2857 979 2914 et
992 2859 1029 2914 ut
1046 2859 1139 2914 rotae
1156 2860 1190 2914 et
1207 2853 1279 2914 axis
1296 2869 1428 2929 currus,
1447 2853 1596 2928 reliquas
1613 2843 1744 2910 oreatu-

191 2972 248 3017 ras
272 2957 348 3033 fert,
374 2964 408 3018 et
431 2973 553 3034 aquarn
577 2959 641 3018 hac
663 2965 698 3019 et
721 2959 800 3018 illac
816 2957 920 3033 ducit,
940 2963 977 3017 ut
994 2958 1085 3032 iluat;
1104 2959 1262 3034 quoniam
1279 2957 1309 3017 si
1324 2962 1416 3017 terra
1432 2957 1503 3017 aeri
1518 2960 1552 3016 et
1569 2969 1675 3032 aquae
1694 2954 1742 3012 in*

193 3061 358 3136 terposita
381 3077 448 3120 non
470 3066 573 3136 esset,
599 3075 657 3122 aer
679 3077 802 3137 aquam
824 3076 981 3122 emanare
1004 3077 1070 3120 non
1094 3061 1313 3137 permitteret.
1337 3060 1400 3120 Sed
1421 3066 1458 3120 ut
1473 3075 1560 3135 genu
1577 3057 1744 3118 interdum

189 3163 346 3239 flectitur,
370 3171 405 3224 et
428 3171 540 3225 tamen
562 3166 689 3226 esuris
707 3165 881 3241 retinetur,
900 3167 950 3226 sic
966 3167 1068 3226 etiam
1093 3171 1127 3225 et
1141 3171 1235 3226 terra
1250 3163 1275 3244 ²)
1301 3165 1480 3243 aliquando
1498 3167 1532 3224 in
1552 3164 1656 3224 alium
1673 3177 1743 3223 mo·

191 3264 272 3325 dum
294 3283 313 3326 a
336 3268 502 3327 creaturis
524 3268 671 3344 ducitur,
696 3285 773 3330 curn
797 3269 945 3330 officium
970 3285 1069 3330 suum
1092 3285 1158 3329 non
1178 3275 1268 3330 recte
1286 3269 1532 3344 subministrat3
1552 3267 1611 3328 sed
1627 3273 1741 3326 tamen

192 3383 258 3427 non
280 3367 416 3445 labitur,
442 3371 521 3446 quia
546 3369 707 3432 fortitudo
730 3371 789 3434 Dei
806 3387 881 3433 eam
897 3372 939 3432 ad
955 3377 1086 3432 rectum
1101 3372 1237 3432 modurn
1254 3388 1352 3432 suurn
1369 3377 1549 3432 restaurat.
1565 3369 1670 3429 Sieet
1686 3385 1743 3428 vo·

192 3472 281 3532 catio
297 3473 376 3532 novi
391 3474 516 3550 populi,
535 3490 595 3550 per
612 3481 720 3536 totum
736 3475 852 3536 orbem
869 3481 981 3536 terrae
998 3477 1032 3536 in
1047 3477 1221 3536 evectione
1236 3476 1402 3552 evangelii
1419 3473 1645 3548 manifestata,
1660 3478 1693 3531 et
1710 3472 1743 3531 in

192 3576 310 3638 eadem
333 3579 603 3639 manifestatione
627 3580 796 3656 roborata,
822 3580 980 3642 sudorem
1004 3582 1039 3640 in
1063 3581 1178 3641 multis
1203 3580 1477 3641 tribulationibus
1502 3579 1641 3654 sentiet,
1666 3593 1743 3636 oum

194 3697 301 3757 genua
317 3681 391 3758 eJ‘us
408 3683 442 3742 in
454 3681 662 3744 Antichristo
678 3685 989 3761 commovebuntur;
1006 3685 1065 3745 sed
1082 3692 1194 3746 tamen
1210 3685 1244 3745 in
1257 3685 1347 3744 suris
1361 3683 1591 3744 fortitudinem
1603 3681 1741 3756 habens,

193 3802 258 3847 non
281 3794 427 3863 corruet,
445 3789 602 3864 quoniam
620 3789 654 3848 in
671 3789 781 3866 capite
799 3805 860 3849 suo
877 3789 998 3849 fiducia
1014 3789 1088 3866 ejus
1104 3796 1166 3850 est.
1184 3790 1267 3850 Nam
1283 3789 1386 3848 etiam
1402 3793 1439 3847 ut
1456 3791 1556 3862 caput
1573 3773 1692 3861 ipsius,
1710 3785 1744 3844 in

192 3893 336 3952 terrenis
359 3894 534 3953 elementis
556 3894 684 3970 absque
701 3900 838 3970 peceato
855 3900 1104 3967 conversatum,
1122 3899 1156 3952 et
1173 3894 1207 3953 in
1222 3893 1379 3970 passione
1396 3909 1458 3952 sua
1476 3891 1509 3950 in
1525 3889 1616 3950 aliud
1635 3893 1743 3950 muta·

193 4004 263 4058 tum
288 4014 389 4075 quam
412 4001 506 4076 prius
530 4001 573 4062 ab
594 4001 786 4062 bominibus
802 4001 985 4077 videretur,
1004 4001 1046 4062 ab
1063 4000 1255 4061 hominibus
1270 3999 1463 4074 declinavit,
1480 3999 1568 4058 sicut
1584 4003 1618 4057 et
1634 4012 1742 4072 genua

193 4101 406 4178 inclinamus
430 4110 465 4164 et
487 4104 659 4165 utdeinds
676 4106 710 4165 in
728 4105 924 4166 fortitudine
941 4123 1002 4166 sua
1019 4105 1211 4166 indeficiens
1226 4107 1411 4181 permanet,
1430 4103 1477 4162 ita
1493 4107 1527 4161 et
1541 4099 1691 4162 Ecclesia
1709 4099 1743 4160 in

192 4223 279 4269 nova
290 4208 377 4285 Lege
393 4215 606 4282 conversata,
621 4210 654 4270 in
670 4212 818 4287 pessimo
830 4211 1000 4288 perditore
1015 4212 1225 4288 aliquantum
1241 4207 1467 4283 inclinabitur,
1482 4206 1541 4268 sed
1553 4207 1644 4267 vires
1661 4217 1742 4266 suas

192 4314 342 4391 recipiet,
359 4320 394 4374 et
410 4314 460 4374 sic
477 4315 683 4376 invincibilis
699 4316 919 4393 permanebit.
1832 4301 1833 4306 ἵ

230 4507 251 4576 ¹)
262 4507 422 4566 felicitatis
439 4507 583 4565 deiectum
604 4507 634 4564 in
646 4509 738 4566 beatis
751 4514 817 4567 ente
829 4525 951 4568 resurra·
987 4516 1034 4575 aa.
1045 4517 1125 4584 perte
1135 4511 1163 4568 ll
1173 4525 1201 4568 n.
1213 4513 1307 4573 tudo.
1320 4514 1350 4566 et
1360 4527 1389 4583 p.
1402 4508 1442 4564 Vl
1453 4523 1514 4580 cap.
1527 4507 1577 4564 lV.
1590 4538 1625 4549 -
1636 4509 1659 4576 ²)
1672 4505 1742 4562 Gan-

193 4595 316 4653 ctionem
335 4610 485 4666 corporum
504 4610 561 4651 uon
577 4597 664 4652 semel
678 4595 860 4666 Hildegurdis
873 4601 951 4656 uota-
987 4596 1053 4654 dide
1068 4599 1164 4655 eadem
1177 4605 1206 4654 et
1219 4599 1321 4662 fusius.
1341 4614 1394 4654 uec
1406 4595 1496 4664 magis
1509 4593 1657 4667 perspicue
1669 4609 1743 4650 asse·

192 4682 245 4747 vit,
264 4699 297 4739 eo
311 4681 460 4738 dumtaxat
480 4698 576 4744 sensu,
596 4681 673 4752 quod
692 4681 820 4738 redivivo
836 4700 871 4738 ex
891 4700 951 4740 eor·
987 4685 1047 4740 ruit
1066 4685 1247 4756 Hildegardis
1267 4686 1297 4742 iu
1315 4687 1412 4742 Dicin.
1430 4700 1491 4756 opp.
1513 4699 1540 4755 p.
1559 4681 1587 4738 11
1606 4697 1686 4755 capp.
1704 4685 1740 4737 80

192 4783 260 4840 pore
278 4767 485 4824 incrementum
504 4769 560 4826 erit
579 4768 736 4841 splendoris
752 4774 781 4825 et
795 4769 950 4827 beatitudi-
987 4786 1046 4842 sqq.
1061 4771 1123 4827 Non
1136 4777 1179 4828 est
1197 4774 1272 4844 quod
1285 4771 1350 4843 quis
1369 4787 1429 4827 rem
1448 4769 1592 4826 lacesserit
1611 4769 1645 4823 de
1665 4773 1741 4824 vete-

193 4855 247 4910 nis.
267 4853 415 4910 (buterum
434 4857 503 4912 baec
516 4855 621 4928 scripte
634 4863 702 4911 sunt
715 4863 781 4911 aute
794 4857 948 4914 concilium
986 4871 1016 4911 re
1035 4856 1084 4910 illa
1103 4857 1240 4930 Physica,
1259 4863 1345 4930 prout
1364 4865 1433 4914 tunc
1452 4856 1588 4928 temporis
1606 4855 1650 4911 rcl
1664 4857 1739 4926 apud

191 4941 378 5011 Lugdunense
401 4958 426 4999 a.
449 4944 528 5006 litt,
552 4959 584 4998 ac
602 4942 694 4998 multo
712 4941 877 5014 priusquam
897 4944 950 4999 sub
986 4942 1165 5000 doctissimos
1196 4943 1438 5014 frequentabatur.
1469 4941 1639 4998 Christianis
1663 4941 1740 5000 enim

190 5024 344 5084 benedicto
359 5025 416 5083 xil
430 5043 455 5084 a.
476 5032 544 5084 tuto
558 5025 688 5099 quaestio
700 5028 815 5084 taudem
829 5030 949 5086 solvere-
986 5031 1173 5104 scriptoribus
1191 5029 1249 5088 nisi
1269 5030 1398 5088 licuisset
1415 5045 1492 5087 more
1511 5029 1573 5086 aeri
1592 5029 1636 5085 sui
1650 5030 1739 5101 loqui,

193 5116 250 5176 tur.
266 5114 323 5170 boc
334 5127 426 5185 usque
440 5114 588 5178 ventilata,
601 5113 688 5171 ctiam
700 5115 733 5172 in
746 5133 813 5173 aevo
824 5115 949 5188 Aquino·
987 5122 1048 5173 turn
1066 5117 1190 5175 maxime
1208 5117 1239 5174 in
1258 5116 1349 5175 libero
1370 5116 1534 5190 huiusmodi
1556 5121 1738 5188 argimunto.

194 5197 239 5255 tis.
255 5199 295 5258 Cf.
313 5200 413 5259 samm.
429 5219 456 5275 p.
475 5208 487 5258 t
502 5218 530 5275 q.
547 5205 608 5258 tta
626 5209 637 5260 l
652 5202 687 5258 ad
701 5207 730 5259 ³..
741 5207 770 5261 et
780 5203 816 5262 ci.
833 5203 907 5263 infra
917 5223 945 5266 n.
984 5207 1050 5280 quis
1062 5203 1219 5279 legentium
1231 5202 1371 5279 potuisset
1384 5220 1431 5262 eos
1445 5203 1620 5276 intelligeret
