3998 6100
723 524 846 575 ursan
873 527 977 575 vrrs
1006 527 1243 576 usnrronun
1682 512 1726 574 35

203 647 279 726 ejus
295 645 494 724 circumdat;
514 645 593 725 quia
608 647 701 708 nulle
718 648 910 709 indumenta
933 646 1151 709 beatitudinis
1167 647 1306 722 habens,
1326 647 1359 707 in
1375 645 1534 723 operibus
1557 652 1591 706 et
1608 647 1641 706 in
1657 647 1760 707 vesti-

202 753 270 828 giis
287 752 360 813 suis
385 751 615 812 fortitudinem
639 767 745 813 vanae
769 753 897 827 gloriae
921 750 1184 828 comprehendit,
1210 751 1287 812 aliis
1311 751 1514 828 quibusdem
1534 751 1641 828 vitiis,
1666 751 1760 812 velut

204 855 409 932 quibusdam
426 854 532 915 ramis
549 854 591 915 ab
607 855 665 914 illa
680 854 940 931 procedentibus
965 855 1109 930 obtecta,
1129 856 1162 914 in
1179 871 1245 932 qua
1267 855 1377 916 omnia
1394 870 1517 930 genera
1537 854 1687 915 omnium
1703 854 1761 915 llo-

206 977 281 1022 rum
297 965 525 1020 excreverant:
544 960 703 1036 quonium
720 960 754 1018 in
770 975 856 1018 vana
872 959 980 1034 gloria
996 953 1019 1038 ¹)
1041 965 1076 1019 et
1093 959 1126 1019 in
1142 960 1236 1020 vitiis
1253 975 1294 1018 ex
1310 975 1349 1019 ea
1372 959 1601 1035 nascentibus,
1620 964 1760 1019 cunctae

206 1067 373 1127 vanitates
399 1071 596 1125 cunctarum
613 1065 799 1124 vanitatum
825 1064 866 1123 ad
883 1065 1054 1124 saeculum
1071 1065 1311 1142 pertinentium
1335 1071 1423 1124 sunt.
1440 1064 1535 1125 Unde
1548 1070 1582 1124 et
1606 1063 1761 1124 manibus

206 1172 306 1232 tiores
331 1172 410 1232 illos
427 1170 468 1230 ad
486 1187 523 1230 se
539 1169 680 1244 colligit,
697 1167 722 1246 ²)
741 1169 820 1245 quia
837 1169 869 1228 in
892 1169 1052 1244 operibus
1070 1171 1142 1230 suis
1159 1186 1274 1230 omnes
1298 1171 1466 1230 vanitates
1482 1171 1672 1246 praesentis
1689 1185 1762 1229 sae-

206 1274 275 1334 culi
292 1289 369 1334 cum
387 1273 525 1332 incertis
542 1271 719 1332 desideriis
737 1270 778 1332 ad
796 1287 832 1332 se
849 1272 964 1347 trahit;
982 1273 1140 1348 quoniam
1157 1288 1233 1332 cum
1250 1273 1348 1332 homo
1366 1274 1399 1333 in
1412 1288 1525 1334 amore
1542 1274 1668 1333 saeculi
1685 1278 1762 1350 post

206 1377 375 1438 vanitates
392 1377 530 1452 cogitat,
544 1377 621 1437 illas
637 1376 857 1437 desiderando
871 1378 1015 1453 quaerit,
1029 1385 1062 1437 et
1075 1393 1151 1437 cum
1164 1393 1222 1437 eas
1237 1379 1411 1452 invenerit,
1427 1379 1459 1437 in
1473 1380 1603 1453 magnis
1616 1379 1759 1454 deliciis,

206 1483 306 1559 quasi
322 1498 420 1542 omne
436 1497 542 1557 genus
560 1481 689 1555 llorum,
708 1497 766 1540 eas
784 1481 967 1540 secundum
983 1482 1189 1541 voluntatem
1208 1499 1303 1541 suam
1321 1481 1385 1542 sibi
1403 1484 1583 1559 componit,
1603 1484 1761 1559 quemad-

208 1587 343 1650 modum
359 1589 464 1648 etiam
480 1587 569 1647 idem
584 1587 705 1646 vitium
722 1587 755 1645 in
771 1587 884 1646 verbis
909 1588 981 1646 suis
999 1588 1155 1663 superius
1180 1587 1397 1648 demonstrat.
1415 1586 1508 1660 Quod
1533 1593 1646 1648 autem
1662 1603 1759 1670 prae-

207 1692 298 1753 dicte
314 1691 415 1752 arbor
431 1690 594 1751 radicitus
611 1694 696 1764 aret,
714 1695 748 1748 et
764 1689 852 1765 quod
870 1691 907 1750 in
925 1690 1116 1766 praedictas
1134 1690 1290 1751 tenebras
1314 1691 1453 1764 corruit,
1473 1690 1522 1750 ita
1537 1689 1625 1766 quod
1642 1690 1759 1752 eadem

208 1793 317 1870 imago
334 1809 412 1854 cum
428 1793 486 1853 illa
501 1792 600 1852 cadit:
618 1791 682 1852 hoc
697 1798 751 1852 est
766 1792 855 1868 quod
870 1809 956 1854 vena
973 1794 1081 1870 gloria
1097 1794 1230 1853 omnino
1246 1792 1416 1869 deliniens,
1435 1793 1469 1853 in
1486 1792 1693 1854 infidelitatis
1712 1799 1759 1854 te-

207 1899 444 1973 nebrositates,
463 1898 636 1974 inquibus
652 1897 860 1958 etDr'abolns
876 1904 940 1974 est,
961 1899 1065 1972 vadit;
1085 1900 1131 1960 ite
1148 1898 1235 1976 quod
1253 1905 1287 1958 et
1303 1914 1430 1974 omnes,
1449 1899 1506 1975 qui
1525 1899 1696 1959 saeculum
1713 1899 1762 1960 di-

210 2000 329 2078 ligunt,
347 2007 380 2062 et
396 2002 502 2062 vitam
518 2007 693 2061 aeternam.
706 2005 933 2076 contemnunt,
951 2017 1027 2062 curn
1044 2002 1101 2061 illa
1117 2001 1253 2074 cadunt,
1275 2018 1378 2077 quum
1394 2017 1469 2062 eam
1480 1995 1505 2078 ³)
1523 2000 1695 2061 cadentem
1712 2017 1764 2061 re-

209 2107 316 2166 tinere
331 2121 397 2165 non
420 2111 573 2181 possunt.
592 2105 654 2164 Sed
670 2106 825 2180 quamvis
850 2105 962 2180 cadat,
978 2121 1015 2166 se
1031 2111 1144 2165 tamen
1167 2104 1286 2165 cadere
1303 2121 1368 2164 non
1383 2111 1490 2182 putat,
1509 2107 1588 2181 quia
1611 2107 1761 2166 saecula-

210 2206 304 2268 ribus
321 2206 422 2266 rebus
439 2207 487 2267 ita
504 2207 602 2268 infixa
626 2212 690 2282 est,
708 2207 798 2284 quod
813 2207 855 2268 de
871 2208 1076 2268 coelestibus
1092 2206 1176 2288 nihil
1198 2208 1336 2282 cogitat,
1355 2213 1391 2267 ut
1407 2223 1489 2268 voce
1513 2209 1640 2269 amoris
1657 2209 1763 2270 coele-

207 2311 284 2386 stis,
302 2310 582 2388 quemadmodum
599 2311 708 2386 audis,
726 2313 829 2372 etiam
846 2312 878 2373 ei
895 2311 1127 2387 respondetur.
1239 2355 1247 2362 .

920 2518 1055 2580 LXVIII.

854 2732 901 2793 Dc
922 2699 1121 2808 petulantie.

259 2947 311 3008 st.
338 2948 487 3008 Secunda
504 2963 584 3008 vero
601 2947 822 3025 petulantiam
840 2947 1017 3023 significat,
1036 2965 1122 3024 quae
1139 2947 1290 3009 homines
1307 2955 1402 3010 extra
1418 2951 1553 3012 modum
1577 2950 1763 3015 honestatis

208 3052 349 3126 ducens,
375 3032 595 3114 hic‘amorem
620 3052 746 3112 saeculi
763 3052 954 3125 comitatum
981 3052 1060 3128 quia
1081 3069 1157 3112 oum
1181 3051 1334 3114 homines
1358 3057 1531 3115 saeculum
1553 3056 1710 3133 diligunt,
1728 3066 1762 3118 et

209 3170 288 3215 eum
311 3156 342 3214 ei
360 3154 552 3230 adhaerent,
578 3159 695 3231 gestus
712 3171 793 3214 suos
818 3153 1008 3214 secundum·
1024 3154 1177 3214 eamdem
1200 3156 1407 3216 voluntatem
1429 3159 1628 3234 saepissime
1653 3165 1765 3220 osten-

210 3256 305 3318 dunt.
321 3257 362 3318 Et
378 3256 460 3318 haec
477 3263 513 3317 ut
529 3257 623 3317 canis
640 3263 703 3331 est,
721 3257 780 3334 qui
796 3257 913 3316 venari
930 3257 1026 3331 solet,
1041 3257 1199 3332 quoniam
1216 3257 1315 3318 homo
1329 3259 1386 3335 qui
1403 3260 1559 3335 petulans
1571 3267 1636 3336 est,
1651 3261 1765 3321 unius-

210 3361 376 3437 cuiusque
398 3362 604 3421 voluntatem
621 3366 655 3420 et
678 3361 844 3437 placitum
856 3361 1020 3437 sequitur,
1046 3375 1106 3436 per
1121 3360 1210 3437 quod
1234 3361 1358 3422 multos
1383 3355 1653 3438 reprehendendo
1678 3363 1767 3424 deci-

212 3467 273 3542 pit,
291 3464 571 3542 quemadmodum
588 3463 681 3524 canis'
698 3466 755 3542 qui
772 3465 877 3525 multa
894 3466 995 3542 capit,
1014 3472 1047 3526 et
1065 3465 1110 3525 ita
1129 3481 1229 3542 super
1246 3468 1451 3542 posteriores
1469 3467 1570 3543 pedes
1584 3482 1664 3527 suos
1681 3473 1761 3545 stat,

211 3571 529 3636 anterioresautem
545 3570 819 3646 super-baculum
836 3585 972 3630 sursum
989 3574 1140 3630 erectum
1156 3569 1260 3646 ponit,
1279 3571 1358 3646 quia
1375 3572 1519 3646 vestigia
1537 3588 1598 3632 sua
1611 3579 1702 3633 retro
1721 3573 1763 3632 ad

212 3669 387 3732 Diabolum
404 3674 527 3750 posita,
553 3673 594 3733 ad
610 3679 747 3749 gustum
768 3678 878 3733 terrae
901 3673 985 3748 figit,
1011 3673 1095 3733 nibil
1115 3674 1156 3733 de
1180 3674 1383 3734 coelestibus
1404 3675 1568 3751 cogitans;
1593 3678 1763 3738 anteriora

211 3783 336 3852 autern,
362 3778 460 3853 quasi
485 3778 638 3860 inbonis
663 3778 839 3838 itineribus
863 3778 1023 3839 coelestia
1047 3777 1238 3853 meditetur,
1264 3777 1306 3838 ad
1330 3778 1451 3852 legalia
1475 3784 1654 3856 praecepta
1676 3795 1762 3856 quae

212 3881 359 3958 spiritali
383 3882 527 3942 culmine
552 3881 689 3942 suffulta
714 3888 804 3958 sunt,
829 3881 956 3956 dirigit,
983 3897 1058 3941 cum
1084 3882 1116 3941 in
1141 3882 1343 3943 inconstanti
1367 3883 1477 3943 animo
1493 3882 1534 3943 de
1551 3883 1762 3959 spiritalibus

217 3983 362 4043 inaniter
377 3983 543 4044 interdum
561 3985 720 4062 loquitur;
739 3984 798 4044 sed
816 3985 873 4045 illa
890 3999 956 4043 non
972 3989 1097 4059 servat,
1116 3986 1274 4061 quoniam
1293 3985 1326 4044 in
1343 3991 1452 4045 mente
1477 4003 1539 4045 sua
1555 3985 1680 4046 nullam
1699 3991 1766 4049 ste-

211 4088 396 4164 bilitatem,
422 4088 481 4148 sed
505 4105 657 4166 quaeque
681 4105 768 4148 vana
791 4093 982 4164 computat,
1008 4094 1042 4148 et
1066 4088 1251 4150 secundum
1273 4105 1385 4150 aerem
1403 4088 1445 4150 ad
1469 4105 1568 4166 quem
1590 4106 1627 4150 se
1651 4091 1761 4167 erigit,

212 4193 311 4255 modo
320 4193 471 4271 pulchra,
484 4195 580 4254 modo
594 4194 728 4254 turbida
741 4194 945 4269 sibimetipsi
955 4194 1121 4270 proponit.
1132 4194 1223 4256 Unde
1236 4195 1339 4256 etiam
1348 4195 1454 4255 cauda
1464 4212 1525 4256 sua
1537 4211 1611 4256 earn
1620 4211 1765 4258 commo-

210 4297 318 4358 vendo
342 4298 438 4373 ludit,
456 4301 536 4375 quia
556 4299 714 4359 mobilem
737 4298 835 4359 linem
860 4300 1106 4359 scrutationem
1131 4316 1271 4360 suarum
1293 4299 1334 4359 ad
1358 4300 1572 4362 voluntatem
1591 4299 1763 4363 hominum

215 4400 278 4462 hac
295 4408 328 4462 et
345 4403 423 4463 illac
440 4402 556 4479 tendit,
574 4420 650 4464 cum
667 4404 778 4463 omnia
795 4419 856 4462 sua
872 4403 1063 4480 petulanter
1079 4404 1248 4479 exprimit,
1267 4410 1303 4464 ut
1319 4404 1422 4464 etiarn
1439 4405 1473 4464 in
1493 4403 1675 4480 praedictis
1690 4422 1765 4466 ver-

213 4505 267 4565 bis
285 4507 355 4566 suis
371 4507 530 4568 ostendit.
547 4507 755 4584 Quapropter
770 4511 803 4565 et
819 4520 920 4566 verae
935 4505 1133 4580 disciplinae
1151 4521 1232 4566 voce
1256 4506 1449 4583 corripitur,
1469 4513 1505 4565 ut
1523 4505 1646 4566 ibidem
1662 4506 1764 4566 etiam

214 4609 370 4685 superius
388 4609 648 4672 demonstratur.

251 4825 272 4892 ¹)
288 4828 317 4882 ⁸¹¹⁸
327 4843 430 4882 vonam
440 4827 559 4899 ebriam
572 4830 604 4885 A.
621 4859 655 4870 -·
666 4829 690 4895 ²)
703 4829 812 4902 cellapii
824 4829 870 4884 W.
887 4859 921 4870 -
934 4827 956 4896 θ)
969 4848 1029 4885 cura
1042 4826 1120 4882 ittam
1132 4827 1166 4882 Α.
