3992 6092
712 495 829 543 nisan
857 494 956 541 vira:
984 493 1216 542 uaamoauu
1667 477 1704 538 71

190 619 284 696 tegit,
303 618 366 678 boc
382 619 435 678 est
450 615 540 693 quod
555 614 587 676 in
602 612 796 676 fortitudine
808 613 1001 674 Divinitatis
1014 628 1053 672 ae
1067 613 1286 674 humanitatis
1299 612 1373 672 Filii
1385 610 1444 672 Dei
1458 613 1509 671 est
1522 613 1685 688 protectio
1705 615 1744 674 il·

189 725 233 799 la,
251 738 337 800 quae
354 737 525 798 nunquam
538 720 680 796 deficiet,
694 735 755 779 nec
764 720 948 779 terminum
964 717 1112 792 babebIt,
1126 719 1285 794 quoniam
1297 716 1385 778 Deus
1400 718 1432 777 in
1449 718 1506 776 illa
1523 720 1556 778 et
1571 733 1631 793 per
1649 718 1741 780 illam

99 813 106 826 '
189 826 303 886 omnia
319 826 444 899 servat,
463 839 503 883 ae
524 839 675 900 peream
699 837 803 899 opera
818 823 921 882 etiam
947 821 1003 880 illa
1021 821 1178 894 occultat,
1196 837 1281 898 quae
1308 821 1341 881 in
1356 821 1492 896 antiquo
1517 823 1647 881 secreto
1664 837 1744 882 con-

190 931 267 990 silio
288 945 349 989 suo
365 929 546 1002 occultata,
564 926 710 987 nondum
727 926 788 984 ulli
804 921 828 1004 ¹)
846 923 1063 985 manifestare
1081 924 1257 1000 disposuit.
1275 925 1357 984 Nam
1378 926 1534 1000 quamvis
1549 925 1638 986 Deus
1655 942 1739 1002 quo·

192 1033 273 1095 tidie
290 1049 376 1093 nova
393 1033 558 1094 miracula
582 1033 751 1108 operetur,
769 1031 875 1090 multa
892 1033 1004 1092 tamen
1023 1031 1055 1089 in
1076 1036 1206 1091 secreto
1223 1031 1355 1090 consilii
1379 1031 1430 1090 sui
1449 1033 1537 1106 sunt,
1556 1047 1643 1108 quae
1659 1049 1741 1093 non-

185 1136 265 1197 dum
283 1136 315 1196 in
333 1136 503 1212 apertione
517 1134 797 1195 manifestationis
810 1133 978 1210 produxit,
993 1133 1081 1194 siout
1097 1149 1158 1193 nee
1171 1133 1392 1208 cogitationes
1410 1133 1554 1194 bominis
1568 1135 1732 1212 sciuntur,

189 1243 368 1315 antequam
388 1239 421 1299 in
438 1239 616 1298 manifesta
634 1253 735 1314 opera
752 1237 948 1314 procedunt.

931 1445 996 1507 XX.

519 1654 656 1715 Occulta
677 1655 929 1732 prophetiarum
949 1673 1012 1731 per
1036 1654 1182 1714 doctores
1206 1654 1412 1714 revelantur.

234 1860 288 1921 29.
313 1859 353 1921 Et
368 1860 469 1921 etiam
496 1861 529 1920 in
548 1859 649 1921 dorso
666 1876 727 1920 suo
740 1859 828 1919 alam
844 1874 956 1936 unam,
972 1874 1012 1919 ae
1030 1859 1063 1918 in
1078 1860 1213 1935 pectore
1227 1873 1288 1917 suo
1305 1857 1392 1916 alam
1405 1873 1507 1916 unam
1524 1857 1636 1937 babet,
1651 1877 1739 1940 quae

188 1971 268 2028 sunt
283 1967 443 2043 mysteria
461 1966 530 2042 illa,
548 1982 635 2043 quae
652 1968 728 2027 ante
746 1966 955 2027 nativitatem
968 1966 1043 2026 Filii
1056 1965 1128 2040 Dei,
1142 1964 1240 2041 quasi
1258 1964 1292 2024 in
1311 1963 1412 2024 dorso
1429 1964 1513 2041 ejus,
1527 1982 1588 2042 per
1604 1985 1739 2031 manum

186 2070 405 2147 protectionis
422 2085 504 2130 suae
520 2070 554 2129 in
569 2069 676 2131 veteri
692 2068 869 2146 prophetia
885 2069 1002 2130 multis
1018 2069 1284 2130 obscuritatibus
1295 2068 1407 2129 velata
1423 2072 1529 2146 erant,
1544 2086 1630 2147 quae
1647 2091 1734 2135 nune

186 2173 259 2232 veri
275 2153 442 2248 doctores,
461 2171 644 2233 secundum
657 2173 746 2249 quod
758 2187 799 2234 ea
810 2173 899 2234 Deus
911 2173 1080 2234 denudare
1096 2172 1253 2247 voluerit,
1267 2172 1398 2248 aperire
1415 2174 1629 2251 contendunt,
1647 2177 1736 2239 sicut

187 2279 292 2338 etiam
303 2280 337 2338 et
349 2292 447 2353 nuno,
462 2277 496 2337 in
507 2275 734 2354 profunditate
747 2277 943 2352 sapientiae,
954 2277 995 2336 ad
1008 2274 1237 2337 defensionem
1253 2275 1490 2353 spiritualium,
1506 2280 1665 2354 mysteria
1678 2299 1739 2343 no-

187 2381 223 2440 vi
239 2381 443 2442 Testamenti
458 2381 552 2441 velut
574 2381 615 2442 de
631 2383 730 2458 puteo
747 2380 917 2457 hauriunt,
934 2373 995 2441 neo
1018 2381 1062 2442 ab
1079 2380 1141 2441 boe
1158 2380 1349 2455 cessabunt;
1376 2381 1655 2456 quemadmodum
1672 2403 1734 2448 nee

186 2482 275 2543 Deus
299 2485 447 2544 cessavit
470 2487 649 2561 antequam
666 2485 700 2545 in
724 2501 782 2544 sex
798 2485 917 2546 diebus
941 2501 1039 2545 omne
1055 2500 1140 2562 opus
1164 2501 1264 2546 suum
1286 2484 1438 2560 perfecit,
1459 2500 1651 2563 quanquam
1668 2491 1733 2566 ipsi

186 2590 342 2651 eumdem
357 2592 495 2667 puteum
511 2591 689 2652 exhaurire
704 2607 875 2670 nunquam
891 2593 1004 2655 valent
1019 2591 1056 2672 ²).

922 2819 1000 2879 XXI.

279 3026 412 3088 Secreta
434 3027 554 3086 ueteris
578 3030 610 3085 et
635 3026 710 3086 novi
729 3024 929 3088 Testamenti
942 3025 1186 3105 promulgando
1201 3027 1389 3088 exercenda
1402 3033 1648 3103 proponuntur.

232 3233 287 3294 30.
311 3233 402 3294 Unde
426 3236 460 3293 et
484 3232 547 3292 bae
567 3247 683 3293 omnes
700 3225 806 3317 [alae]
824 3234 920 3310 quasi
938 3233 1174 3296 advolantium
1192 3237 1324 3295 erectae
1340 3239 1429 3310 sunt,
1447 3237 1604 3312 quoniam
1622 3241 1734 3302 omnia

187 3339 318 3395 secreta
341 3337 409 3396 tam
434 3337 559 3395 veteris
584 3348 684 3412 quam
709 3336 786 3396 novi
808 3337 1015 3412 Testimonii,
1038 3340 1076 3398 ut
1093 3337 1239 3398 inbonis
1256 3338 1415 3413 operibus
1432 3338 1688 3404 manifestentur
1699 3347 1734 3404 et

186 3441 416 3511 exerceantur,
435 3436 589 3499 fidelibus
605 3440 739 3516 populis
755 3443 995 3517 proponuntur.

913 3650 1006 3711 XXII.

440 3855 606 3917 Proteetio
626 3859 821 3936 prophetiae
845 3861 881 3917 in
905 3861 1009 3919 veteri
1037 3859 1243 3920 Testamento
1267 3860 1496 3922 invalescebat.
1564 3943 1565 3946 Ἴ

230 4061 285 4123 31.
310 4063 372 4124 Ala
388 4063 500 4122 autem
516 4079 603 4140 quae
620 4064 653 4124 in
669 4065 769 4125 dorso
788 4066 895 4141 ipsius
912 4067 974 4142 est,
993 4066 1026 4127 in
1043 4067 1236 4126 summitate
1253 4067 1475 4128 extremitatis
1494 4085 1575 4130 suae
1591 4085 1630 4130 ex
1648 4070 1733 4134 inte·

187 4167 305 4243 gro-ad
323 4167 412 4227 alam
428 4167 613 4242 sinIstram,
632 4172 666 4228 et
682 4185 749 4230 non
766 4169 807 4230 ad
824 4171 912 4230 alam
928 4170 1078 4230 dextram
1096 4187 1133 4230 se
1149 4171 1304 4246 declinet,
1320 4172 1399 4249 quia
1412 4174 1575 4248 protectio
1591 4175 1735 4252 prophe-

187 4273 273 4332 tIcae
289 4272 526 4332 admonitionis
551 4289 704 4350 magnam
723 4273 953 4335 fortitudinem
977 4274 1115 4352 babens,
1135 4276 1167 4335 in
1184 4277 1405 4351 protelatIone
1429 4281 1637 4340 secretorum
1653 4296 1733 4339 suo-

188 4393 261 4436 rum
279 4377 363 4436 etin
388 4377 577 4452 integritate
593 4378 773 4439 verborum
799 4393 948 4452 suorum,
966 4381 1070 4440 totam
1087 4379 1315 4441 defensionem
1330 4375 1355 4459 ³)
1381 4381 1505 4442 veteris
1526 4383 1731 4444 Testamenti

189 4478 377 4554 insudabat,
395 4480 552 4556 quoniam
576 4481 753 4557 prophetia
769 4484 803 4543 et
818 4481 882 4541 Lex
900 4498 1002 4542 unum
1019 4486 1108 4557 sunt,
1126 4487 1159 4545 et
1175 4484 1355 4544 carnaliter
1375 4484 1566 4547 viventibus
1583 4486 1732 4545 earnalia

185 4582 415 4659 providebant,
441 4599 501 4644 nee
517 4583 668 4645 dextram
692 4584 919 4661 spiritualium
937 4586 1162 4663 intendebant,
1178 4588 1259 4664 quia
1283 4589 1339 4648 ille
1356 4587 1501 4648 nondum
1517 4588 1655 4648 venerat
1670 4588 1729 4663 qui

185 4686 335 4761 praemia
351 4687 547 4748 coelestium
562 4689 787 4766 promIttebat.

223 4901 245 4966 It
265 4904 384 4957 mem
402 4903 448 4960 tlte
466 4905 513 4960 W.
530 4937 563 4946 -
580 4907 603 4972 ²)
622 4908 733 4964 oeteont
749 4907 785 4969 A.
801 4938 833 4948 —
847 4907 869 4975 ³)
883 4915 940 4966 tota
951 4909 1105 4980 defensione
1117 4908 1163 4962 W.
