3998 6100
680 559 797 608 brnen
825 557 924 606 vire
953 559 1181 608 usarroaou
1634 547 1678 607 ‘23

156 679 219 758 qui
242 695 319 740 eum
343 680 530 741 constituit.
555 679 618 740 Sed
637 681 736 741 bomo
754 679 841 740 inlra
856 679 992 757 globum
1010 681 1113 740 istum
1129 680 1224 755 vivit,
1244 679 1368 756 atejus
1385 677 1512 741 ambitu
1530 681 1718 746 circumda-

164 793 230 846 tur.
256 786 347 846 Unde
370 786 470 846 bomo
488 785 521 845 in
537 785 835 862 comprehensione
852 801 913 845 sua
929 785 1086 860 progredi
1104 784 1192 844 ultra
1208 801 1273 845 non
1289 789 1423 861 poterit.
1441 789 1523 850 Nam
1541 802 1717 859 creaturae

163 894 198 954 iu
219 895 346 955 virtute
369 896 427 956 Dei
453 897 542 956 sicut
565 911 624 955 cor
646 895 679 954 iu
696 893 830 955 homine
847 901 936 968 sunt;
955 894 1043 971 quod
1060 911 1166 971 parva
1181 912 1261 970 pars
1279 897 1319 954 ad
1337 903 1621 975 comparationem
1640 909 1718 970 reli-

45 1017 50 1024 ·
162 995 221 1070 qui
244 999 397 1074 corporis
421 1003 483 1058 est.
509 998 559 1058 lta
575 1003 609 1057 et
624 1004 800 1058 creaturae
817 1013 940 1074 parvae
957 1005 1046 1073 sunt;
1065 998 1125 1058 sed
1141 1000 1251 1058 virtus
1267 999 1326 1060 Dei
1340 989 1463 1078 magna
1479 1010 1513 1066 et
1530 1008 1717 1089 incompre-

164 1095 341 1157 hensibilis
365 1105 428 1160 est.
453 1098 576 1158 Omnes
598 1099 687 1158 enim
709 1106 896 1174 creaturae,
914 1115 1000 1176 quae
1017 1101 1051 1160 in
1067 1099 1160 1159 coelo
1176 1106 1210 1160 et
1228 1101 1368 1162 interra
1385 1111 1419 1164 et
1436 1106 1469 1164 in
1486 1109 1609 1185 abysso
1625 1122 1716 1193 sunt,

164 1199 269 1261 Deum
284 1219 346 1262 nec
362 1203 656 1280 comprehendere,
674 1217 735 1262 nec
751 1202 954 1276 discernere,
971 1219 1032 1262 nec
1050 1203 1144 1264 linire
1160 1213 1312 1280 possunt.
1330 1207 1393 1268 Sed
1409 1217 1443 1270 et
1459 1215 1568 1274 omnis
1585 1219 1718 1294 sapien·

93 1383 100 1392 ·
165 1311 212 1372 tia
231 1331 252 1373 a
266 1314 458 1376 dominante
474 1315 541 1374 Deo
558 1320 622 1390 est;
640 1314 720 1391 quia
735 1313 824 1374 Deus
840 1330 917 1374 cum
934 1315 1099 1390 sapientia
1115 1316 1226 1376 omnia
1243 1319 1518 1401 praedestinavit,
1538 1333 1572 1388 et
1589 1329 1623 1389 in
1639 1333 1713 1407 glo·

167 1415 246 1476 bum
268 1433 308 1478 ea
331 1419 533 1494 composuit,
551 1433 638 1494 quae
655 1419 777 1478 iterum
793 1435 869 1478 cum
886 1418 1002 1478 eadem
1020 1419 1184 1496 sapientia
1200 1422 1423 1487 discernebat.
1441 1428 1518 1504 Ipsa
1534 1434 1623 1495 enim
1640 1453 1717 1500 coe·

167 1524 265 1584 lestia
288 1524 424 1584 sciendo
448 1526 573 1601 sapuit,
599 1539 638 1584 ao
663 1524 696 1583 in
720 1525 826 1600 regali
850 1525 1038 1585 ministerio
1062 1541 1180 1601 gyrum
1205 1528 1290 1588 coeli
1313 1530 1471 1594 circuivit
1487 1531 1522 1614 ¹),
1541 1545 1575 1598 et
1591 1546 1719 1606 terram

171 1643 248 1688 cum
271 1628 411 1688 servitio
434 1634 468 1688 et
492 1628 724 1688 aedificatione
748 1629 962 1689 necessitatis
985 1629 1094 1690 omnis
1118 1636 1293 1692 creaturae
1310 1636 1479 1712 transivit,
1502 1656 1541 1700 ac
1558 1643 1719 1719 abyssum

170 1729 369 1806 penetravit:
388 1729 667 1806 quemadmodum
684 1736 884 1806 procurator
901 1731 992 1805 iacit,
1011 1731 1068 1807 qui
1085 1731 1126 1790 de
1141 1731 1196 1792 his
1212 1732 1296 1794 nibil
1313 1736 1424 1811 perire
1441 1743 1619 1821 permittit,
1634 1764 1721 1824 quae

167 1831 232 1892 sibi
256 1832 386 1892 adsunt.
411 1831 475 1892 Sed
498 1838 532 1892 et
555 1833 720 1908 sapientia
743 1833 862 1894 oculus
884 1833 943 1894 Dei
967 1841 1031 1908 est,
1054 1850 1130 1894 cum
1147 1851 1213 1911 quo
1230 1839 1341 1900 omnia
1364 1843 1538 1917 praevidet
1558 1853 1593 1908 et
1610 1850 1718 1915 intue

167 1943 234 2012 tur;
259 1943 393 1998 etanta
416 1953 494 1998 eum
517 1937 750 1998 amantissima
774 1939 882 1998 amica
906 1938 940 2000 in
963 1939 1099 1999 amabili
1121 1941 1329 2018 amplexione
1346 1945 1453 2022 ipsius
1470 1958 1534 2028 est,
1552 1969 1628 2017 cum
1645 1976 1713 2038 qua

168 2042 257 2103 Deus
280 2043 393 2103 omnia
416 2043 591 2103 tractando
615 2043 832 2118 computavit.
857 2044 894 2103 ln
918 2044 981 2104 bac
1005 2044 1108 2104 etiam
1131 2047 1313 2125 sapientia,
1339 2051 1437 2114 bomo
1461 2060 1559 2133 quasi
1578 2043 1721 2128 altitudo

169 2145 253 2206 coeli
277 2145 479 2220 nominatur,
505 2145 663 2222 quoniam
687 2147 759 2221 ipse
784 2163 887 2224 supra
910 2162 1026 2208 omnes
1050 2153 1224 2209 creaturas
1247 2167 1308 2226 per
1329 2155 1504 2220 scientiam
1521 2162 1722 2231 dominando

171 2247 334 2316 abundat,
359 2263 445 2325 quae
468 2249 587 2308 oculus
611 2250 797 2325 sapientiae
820 2256 883 2311 est.
908 2249 971 2310 Sed
992 2256 1027 2310 et
1042 2252 1134 2311 volut
1151 2252 1292 2314 latitudo
1310 2261 1420 2318 terrae
1436 2235 1500 2338 est,
1518 2267 1598 2342 quia
1613 2273 1724 2346 possi·

171 2351 338 2414 bilitatem
360 2351 573 2412 desiderandi
597 2358 631 2412 et
652 2353 791 2428 optandi
815 2353 925 2413 babet.
951 2353 1138 2425 Quomodo‘l
1161 2355 1254 2427 Quod
1277 2357 1378 2421 bomo
1395 2361 1575 2445 desiderat,
1595 2371 1658 2434 boc
1675 2375 1724 2452 ip-

173 2473 249 2518 sum
264 2457 419 2531 delectat3
437 2462 471 2516 et
495 2457 544 2516 sic
564 2456 786 2517 desiderando
803 2463 951 2533 exoptat,
969 2462 1003 2516 et
1020 2463 1091 2518 tum
1108 2460 1291 2521 secundum
1308 2465 1515 2530 voluntatem
1532 2489 1640 2551 suem,
1658 2478 1725 2540 sibi

173 2563 290 2624 inillis
306 2562 467 2623 auxilium
483 2561 601 2635 aderit;
620 2562 650 2622 si
665 2562 755 2622 enim
769 2561 874 2622 Deum
891 2561 1108 2637 invocaverit,
1126 2563 1169 2623 ab
1186 2565 1258 2641 ipso
1276 2566 1499 2644 adiuvabitur.
1518 2575 1610 2647 Quod
1629 2580 1658 2640 si
1676 2581 1719 2641 ad

173 2667 350 2728 Diabolum
373 2680 411 2726 se
434 2663 624 2740 tetenderit,
651 2664 707 2724 ille
730 2679 807 2724 cum
831 2664 1046 2740 suggestione
1070 2665 1150 2725 mali
1175 2665 1239 2741 ipsi
1263 2673 1420 2732 occurrit.
1440 2675 1545 2737 Homo
1562 2681 1664 2740 etiam
1682 2682 1724 2742 de

174 2772 437 2834 rationabilitate
460 2769 680 2844 desiderium,
706 2774 740 2828 et
762 2768 804 2828 de
827 2774 930 2844 gustu
953 2769 1123 2844 optionem
1146 2770 1258 2846 habet;
1285 2774 1344 2834 sed
1362 2780 1474 2838 tamen
1490 2781 1726 2862 quodcumque

174 2876 345 2936 desiderat
367 2875 422 2934 vel
437 2878 589 2950 exoptat,
613 2889 679 2932 non
702 2877 869 2949 potestate
886 2887 959 2945 sua,
977 2872 1037 2932 sed
1053 2873 1275 2948 permissione
1291 2876 1349 2938 Dei
1366 2881 1549 2958 perficitur,
1567 2889 1726 2963 quoniam

176 2986 248 3060 ipse
272 2981 440 3042 bominem
461 2978 599 3053 creavit3
624 2983 658 3036 et
674 2977 763 3037 sicut
779 2976 877 3036 bomo
895 2977 1000 3036 multa
1018 2975 1128 3038 lacere
1143 2985 1267 3056 potest,
1285 2981 1335 3042 sic
1351 2985 1453 3046 etiam
1470 2965 1674 3052 desiderium
1691 3000 1727 3054 et

176 3085 345 3164 optionem
368 3083 489 3158 babet,
505 3098 566 3159 per
588 3096 675 3158 quae
698 3081 844 3156 plurima
866 3080 1025 3156 postulat.
1049 3081 1091 3141 Et
1110 3082 1192 3158 quia
1215 3083 1375 3146 Diabolus
1394 3089 1539 3164 primum
1557 3093 1726 3158 hominem

177 3191 325 3268 decepit,
350 3189 425 3250 ideo
448 3189 551 3248 etiam
575 3185 790 3262 suggestione
812 3185 881 3244 Eva
905 3184 1015 3260 ipsum
1033 3186 1204 3247 multoties
1222 3188 1362 3251 seducit.
1386 3191 1491 3254 Homo
1508 3196 1610 3257 etiam
1626 3201 1725 3275 quasi

176 3293 379 3374 protundum
395 3293 509 3368 abyssi
525 3296 589 3366 est,
607 3305 683 3350 cum
699 3306 719 3349 a
735 3288 822 3348 bono
838 3287 1007 3348 desiderio
1023 3287 1253 3367 declinaverit,
1271 3297 1305 3352 et
1317 3293 1492 3357 Diabolum
1507 3299 1725 3380 invocaverit,

179 3401 258 3477 quia
282 3405 354 3458 tum
373 3397 477 3456 etiam
498 3393 659 3455 Diabolus
683 3391 850 3452 desideria
876 3392 966 3452 illius
984 3392 1138 3469 suscipit,
1156 3395 1339 3456 secundum
1355 3399 1443 3474 quod
1460 3399 1558 3461 bomo
1576 3409 1655 3464 tunc
1670 3423 1728 3466 vo·

180 3502 279 3563 luerit
299 3498 338 3580 ¹),
363 3506 397 3560 et
419 3499 483 3560 hoc
505 3498 594 3557 Deus
611 3497 661 3556 sic
677 3495 750 3556 ilari
765 3495 940 3572 permittit
959 3496 1041 3556 Cum
1057 3502 1170 3556 autem
1186 3496 1286 3559 bomo
1302 3500 1399 3561 bonis
1416 3502 1595 3568 desideriis
1612 3524 1649 3568 se
1667 3510 1727 3570 im-

180 3605 367 3683 plicaverit,
393 3603 440 3662 ita
463 3600 550 3678 quod
575 3598 662 3660 bona
684 3604 854 3676 operatur,
872 3604 1085 3674 quaetamen
1101 3599 1280 3676 aliquando
1298 3605 1514 3682 tran-cendit,
1533 3625 1598 3669 non
1615 3617 1728 3673 autem

181 3711 231 3770 sic
256 3707 345 3786 quod
369 3705 503 3767 omnino
527 3705 613 3764 bona
640 3702 800 3778 dimittat,
829 3703 889 3763 sed
914 3703 1001 3780 quod
1026 3719 1065 3764 ea
1089 3719 1150 3780 per
1165 3705 1343 3780 quemdam
1360 3709 1547 3783 neglectum
1565 3719 1726 3792 transeat,

184 3821 260 3874 tuuc
287 3813 376 3872 Deus
404 3809 492 3870 hunc
518 3809 630 3885 perire
656 3825 723 3868 non
751 3809 842 3881 sinit,
871 3808 1029 3884 quoniam
1056 3807 1179 3868 bonum
1195 3808 1399 3872 desiderium
1417 3813 1450 3872 iu
1467 3831 1503 3874 se
1520 3815 1646 3878 babuit.
1665 3822 1733 3894 Sed¹

181 3921 258 3981 huic
282 3917 408 3979 homini
430 3914 590 3976 Diabolus
606 3930 672 3974 non
692 3913 839 3988 conlidit,
862 3917 899 3972 ut
915 3911 1083 3972 desideria
1099 3913 1211 3972 carnis
1228 3929 1309 3974 suae
1325 3916 1488 3993 per-liciat,
1507 3921 1585 3995 quia
1602 3922 1635 3982 in
1654 3924 1727 3999 ipso

138 4051 144 4068 ·
182 4024 354 4102 cognoscit
375 4020 462 4098 quod
479 4019 583 4080 Deum
599 4019 789 4095 relinquere
804 4034 871 4079 non
886 4017 969 4078 vult.
987 4017 1055 4078 iste
1071 4024 1183 4078 autem
1200 4019 1299 4080 homo
1316 4021 1517 4098 protundum
1533 4028 1647 4104 abvssi
1663 4048 1729 4092 nou

182 4133 246 4202 est;
272 4123 331 4186 sed
354 4128 550 4200 tempestas,
573 4137 660 4199 quae
682 4121 861 4198 aliquando
879 4122 912 4182 in
929 4121 1000 4181 sole
1017 4120 1181 4197 fulminat,
1200 4128 1233 4182 et
1249 4139 1335 4200 quae
1352 4126 1530 4202 aliquando
1549 4131 1582 4190 iu
1598 4133 1729 4208 nigram

185 4233 305 4292 nubem
330 4247 367 4290 se
391 4228 541 4290 involvit.
565 4227 605 4287 itt
629 4227 704 4303 quis
729 4243 866 4286 mensus
889 4233 942 4286 est
963 4226 1030 4286 ulla
1049 4227 1263 4302 inquisitione
1280 4235 1506 4306 contemptum
1524 4233 1622 4309 hunc,
1641 4238 1730 4314 quod

186 4339 285 4398 bomo
308 4336 366 4412 qui
391 4349 493 4410 supra
517 4331 628 4392 omnia
652 4347 755 4408 opera
778 4331 837 4391 Dei
860 4331 1064 4390 constitutus
1088 4337 1151 4404 est,
1169 4332 1273 4392 Deum
1297 4333 1487 4411 dereliquit,
1505 4343 1539 4397 et
1554 4337 1730 4400 Diabolum

189 4443 349 4516 imitatur,
368 4441 426 4516 qui
442 4439 584 4516 gloriam
605 4451 701 4497 suam
719 4434 882 4512 perdidit,
904 4450 979 4495 cum
1002 4435 1223 4512 superbiendo
1241 4453 1277 4496 se
1293 4437 1359 4498 Deo
1376 4441 1545 4514 opposuit,
1562 4447 1596 4501 et
1612 4443 1731 4518 periit?

188 4547 271 4619 Quis
295 4546 398 4606 etiam
421 4542 642 4620 perditionem
670 4539 755 4600 banc
780 4540 892 4600 metiri
913 4532 938 4618 ³)
957 4539 1091 4615 poterit,
1117 4541 1205 4616 quod
1230 4540 1328 4600 homo
1353 4542 1456 4602 Deum
1480 4544 1670 4621 dereliquit,
1696 4553 1730 4607 et

186 4650 371 4726 pessimum
388 4653 576 4723 tyrannum,
595 4644 725 4704 seilicet
741 4642 929 4717 Diabolum,
947 4658 1007 4718 pro
1028 4641 1095 4704 Deo
1112 4643 1214 4719 elegit
1228 4640 1271 4722 4)’)
1296 4644 1385 4705 Haeo
1401 4645 1489 4706 Deus
1506 4649 1679 4723 praevidet
1695 4655 1730 4710 et

183 4754 323 4830 judicat.

226 4987 248 5052 1)
258 4985 336 5044 Eccli
347 4985 443 5052 xxti,
454 4987 547 5054 8.-²)
557 4987 701 5043 secundum
710 4991 773 5041 tuac
782 4985 859 5042 borno
872 4983 988 5040 voluerit
1001 4981 1073 5038 t.-
1081 4980 1104 5048 ⁸)
1114 4985 1215 5038 metire.
1233 5026 1239 5038 .
1255 4981 1420 5056 derelinquit
1431 4983 1467 5046 Α,
1478 4982 1562 5038 W.—
1571 4982 1593 5050 ⁴)
1603 4982 1681 5054 eligit
1692 4982 1727 5040 A.
