3998 6100
256 511 278 572 t
619 535 621 541 v
831 525 857 570 ε.
883 519 1166 570 messeanam

228 645 502 719 nominabantur,
516 647 784 724 praeterieram,-
807 643 968 726 [ortitudo
1022 641 1242 720 quorumdam
1269 623 1443 702 hominum
1467 639 1675 717 puniuntur,
1703 633 1764 713 qui

230 757 343 811 autem
358 753 612 815 sanctitatisnon
629 751 768 830 deficiet.
1025 747 1096 805 sine
1113 747 1185 804 odio
1201 748 1237 806 in
1254 746 1307 804 ira
1320 747 1552 822 peccaverant,
1574 748 1607 799 et
1631 757 1690 800 cur
1706 757 1764 800 eas

276 853 452 916 LXXXVII.
477 855 563 916 Item
579 856 619 914 de
635 855 831 934 quibusdam
849 873 971 934 paron
1026 851 1071 910 sie
1088 849 1238 911 habeant.

229 961 322 1020 toriis
337 963 453 1036 poenis
470 962 661 1020 animarum
676 961 896 1036 quorumdam
916 965 972 1022 loo-
1070 952 1304 1016 LXXXXVIIII.
1322 951 1408 1011 Item
1423 950 1464 1008 de
1476 947 1673 1026 quibusdam
1684 947 1765 1008 aliis

230 1067 375 1136 minum,
400 1069 458 1144 qui
480 1069 517 1127 in
533 1065 738 1140 joculatoria
754 1070 900 1128 vanitate
917 1069 972 1128 de·
1023 1061 1140 1136 poenit
1163 1060 1200 1118 ia
1217 1055 1333 1133 quibus
1360 1056 1493 1116 animae
1521 1053 1658 1113 illorum
1681 1069 1763 1128 pur*

231 1169 414 1249 liquerant,
439 1177 471 1231 et
495 1190 598 1248 quare
622 1171 754 1232 easdem
771 1174 818 1234 sic
838 1177 973 1248 potian-
1025 1167 1161 1238 tamur»
1178 1163 1236 1237 iul
1251 1162 1289 1221 in
1305 1158 1435 1218 Μαάθ
1447 1175 1510 1234 per
1526 1159 1676 1234 [ΨΜ
1691 1155 1762 1214 lm

236 1282 303 1336 tur.
1027 1264 1240 1326 homicidium
1251 1267 1545 1344 perpetraverant,
1557 1267 1590 1322 et
1608 1277 1709 1338 quare
1725 1260 1763 1321 in

280 1378 473 1439 Lxxxvla.
500 1378 664 1452 Quomodo
691 1385 838 1444 nomines
859 1385 974 1460 poene·
1027 1371 1074 1429 eis
1090 1372 1148 1430 roo
1162 1369 1257 1444 aaa
1272 1371 1503 1446 torqueantur.

237 1483 337 1541 tendo
369 1487 543 1558 peccatum
565 1479 786 1555 joculatoriae
817 1490 974 1548 vanitatis
1074 1474 1110 1534 C·
1133 1475 1218 1534 llssm
1241 1475 1281 1536 de
1299 1473 1494 1552 willltdam
1510 1471 1586 1532 “llls
1607 1471 1766 1547 ΝΜΟ·

237 1587 274 1644 in
291 1587 475 1662 semetipsis
490 1588 647 1662 pardum.
798 1647 799 1652 γ
1028 1579 1088 1637 riis
1101 1580 1218 1653 poenis
1233 1583 1424 1640 amireorum
1439 1570 1692 1654 quamnam)
1709 1573 1765 1634 lw-
1797 1625 1803 1638 .

279 1690 487 1752 LXXXVIIII,
515 1689 783 1766 Quodjooototoo
798 1697 836 1754 in
853 1697 975 1772 squali.
1027 1685 1158 1742 minum
1184 1683 1337 1756 illorum,
1362 1685 1479 1762 quiin
1502 1681 1632 1745 succido
1654 1679 1767 1738 viven-

233 1795 284 1854 dis
301 1793 445 1855 moribus
462 1798 610 1856 animam
626 1799 664 1856 in
687 1801 869 1858 vanitatem
889 1800 973 1858 etin
1028 1792 1090 1855 less
1104 1790 1435 1864 PWPleWWllllam
1449 1785 1663 1847 homicidium
1677 1782 1767 1860 lew

232 1898 445 1958 mendacium
460 1901 636 1960 convertit.
1026 1895 1119 1962 rant,
1136 1897 1168 1950 et
1185 1911 1246 1952 cur
1262 1894 1395 1954 easdem
1410 1895 1459 1952 ita
1471 1893 1657 1968 patiantur.

278 2001 424 2061 LXXXX.
452 2003 619 2081 Quidquid
647 2005 719 2065 sine
747 2004 814 2065 Deo
841 2008 974 2084 quaeri-
1072 1995 1122 2055 CI.
1146 1995 1233 2056 Item
1256 1997 1296 2058 de
1319 1995 1515 2074 quibasdam
1538 1994 1615 2054 aliis
1632 1993 1765 2070 poenis,

234 2117 305 2180 tur,
321 2112 358 2169 in
375 2113 552 2171 interitum
568 2109 640 2174 ibit,
1025 2101 1062 2160 in
1086 2098 1202 2177 quibus
1226 2103 1357 2162 animae
1380 2098 1518 2160 illorum
1540 2095 1765 2166 mundantur,

282 2211 445 2273 LXXXXI.
470 2214 556 2274 Item
579 2216 620 2275 do
643 2213 840 2294 quibusdam
855 2233 979 2294 μανψ
1029 2205 1137 2280 quise
1160 2205 1355 2265 invadentes
1379 2203 1580 2272 occiderant,
1604 2219 1647 2262 ne
1662 2199 1703 2260 ab
1716 2202 1765 2262 eis

240 2319 335 2377 torti,
348 2321 466 2396 poenis
482 2320 674 2378 ,mimarum
689 2320 909 2397 quorumdam
924 2325 979 2382 ΙΨ,
1030 2305 1274 2378 oeciderentur,
1299 2313 1331 2368 et
1354 2305 1455 2384 quare
1480 2305 1614 2364 eaedem
1638 2321 1765 2382 poenae

238 2423 370 2481 minum
374 2463 384 2492 ,
398 2424 456 2499 qui
473 2423 508 2482 in
520 2419 733 2482 obduratione
743 2432 977 2500 peccaverant,
1029 2406 1221 2483 honusmodi
1237 2413 1318 2472 sint.

237 2527 270 2584 it
286 2544 388 2602 quare
404 2529 441 2586 ti,
457 2528 508 2587 his
524 2529 574 2586 ita
586 2529 788 2604 puniantur,
1076 2513 1142 2576 CII.
1158 2515 1245 2575 Item
1256 2517 1297 2576 de
1314 2514 1509 2594 quibusdam
1524 2513 1601 2576 aliis
1610 2518 1770 2591 pur-pato·

281 2629 460 2690 LXXXXII,
501 2619 652 2702 Qualiter
687 2632 724 2690 in
762 2629 976 2690 obduratione
1029 2620 1091 2680 riis
1101 2623 1217 2697 poenis
1230 2623 1420 2682 animarum
1432 2621 1604 2682 luminum
1615 2619 1769 2690 illorum,

235 2739 412 2810 peccantes
443 2735 554 2810 ipsum
582 2739 757 2810 peccatum
783 2737 820 2794 in
847 2737 978 2795 semeti
1031 2727 1088 2802 itti
1108 2745 1172 2802 per
1194 2729 1419 2803 tonitrualium
1441 2725 1656 2788 homicidium
1682 2725 1769 2801 lece·

232 2837 303 2912 psis
320 2838 525 2895 examinent.
593 2829 595 2837 ⁴
784 2841 787 2846 '
1029 2835 1123 2902 rant,
1140 2836 1174 2891 et
1190 2849 1293 2908 quare
1310 2849 1364 2891 eos
1380 2834 1438 2892 noo
1453 2829 1548 2888 modo
1560 2831 1748 2906 perferant.

281 2937 473 2999 LXXXXIII.
502 2939 593 3011 Quod
610 2937 780 3001 obduratio
803 2962 864 3004 neo
879 2947 977 3004 miso-
1078 2935 1159 2996 CIII.
1184 2937 1270 2995 Item
1286 2936 1326 2996 de
1342 2934 1537 3015 quibusdam
1552 2936 1628 2996 aliis
1648 2935 1768 3013 poenis

235 3043 426 3118 ricordiam,
442 3046 708 3116 neocaritatem,
725 3063 785 3106 neo
801 3045 884 3108 bana
903 3066 977 3127 ope-
1030 3043 1067 3102 in
1082 3040 1198 3118 quitus
1214 3043 1346 3102 animae
1359 3043 1495 3102 illorum
1511 3043 1768 3112 examinantur,

236 3146 429 3222 relabens,
450 3165 513 3225 per
531 3142 717 3222 jussionem
738 3153 975 3213 rationalitatis
1029 3147 1140 3222 quiin
1158 3147 1288 3206 saeculo
1299 3147 1444 3206 viventes
1460 3144 1542 3204 alios
1554 3148 1702 3205 homines
1713 3162 1768 3204 rev

235 3251 380 3311 emolliri
396 3269 464 3311 non
480 3251 561 3310 vult.
1027 3251 1142 3330 nepeta
1165 3256 1222 3310 aut
1246 3251 1312 3311 alio
1335 3251 1447 3328 ali'quo
1468 3249 1563 3309 modo
1586 3252 1658 3310 sine
1679 3251 1765 3330 effu-

280 3355 490 3417 LXXXXIIII.
513 3355 599 3416 Item
615 3356 655 3417 de
679 3357 873 3436 quibusdam
891 3378 975 3437 pur-
1029 3356 1120 3413 sione
1144 3357 1316 3431 sonpuinis
1339 3353 1541 3426 occiderant,
1564 3359 1597 3414 et
1619 3373 1679 3415 aur
1695 3372 1769 3415 aas·

236 3462 371 3537 potoriis
391 3462 509 3539 poenis
537 3463 729 3522 animarum
756 3465 975 3540 quorumdam
1028 3458 1105 3518 dem
1121 3461 1167 3519 sic
1180 3462 1368 3537 patiantur.

237 3567 421 3641 hominum,
446 3567 563 3642 quiin
587 3567 972 3644 ianaviapeocaverant‚
1076 3563 1152 3624 CIV.
1177 3565 1262 3624 Item
1289 3565 1330 3624 de
1356 3563 1553 3643 quibusdam
1579 3564 1657 3623 aliis
1683 3581 1769 3641 pur-

237 3675 268 3730 at
286 3687 346 3730 our
361 3670 493 3730 easdem
509 3673 567 3730 hoc
583 3669 678 3729 modo
693 3671 890 3730 sustineant.
1027 3673 1161 3747 potoriis
1182 3673 1298 3748 poenis
1321 3674 1513 3732 animarum
1535 3674 1707 3734 hominum
1725 3672 1768 3732 il·

280 3775 453 3836 LXXXXV.
491 3775 644 3849 Qualiter
676 3777 825 3836 homines
858 3791 974 3852 pecea-
1029 3776 1159 3847 lorum,
1184 3779 1242 3855 qui
1268 3779 1446 3836 materiam
1471 3779 1595 3856 fipurae
1623 3779 1766 3839 hominis

234 3887 305 3940 tum
328 3883 479 3958 ipnaviae
500 3883 703 3959 poenitendo
726 3883 763 3941 in
787 3885 971 3960 semetipsis
1027 3883 1064 3940 in
1088 3883 1273 3958 semetipsis
1297 3883 1530 3954 extinxerant,
1554 3901 1592 3942 ac
1615 3884 1766 3960 infantes

228 3987 388 4062 puniant.
1027 3985 1067 4044 de
1098 4004 1132 4044 se
1163 3991 1257 4044 notos
1284 3988 1575 4066 mortificaverunt,
1602 3993 1634 4048 et
1660 4005 1765 4064 oreore

278 4088 467 4150 LXXXXVI.
502 4090 593 4163 Quod
623 4092 756 4167 iqnavia
785 4093 823 4152 in
853 4095 970 4154 timore
1025 4091 1158 4149 easdem
1175 4095 1232 4152 lroc
1248 4093 1342 4151 modo
1358 4096 1558 4154 sustineant.

234 4193 295 4254 Ilei
311 4210 378 4254 non
394 4193 494 4254 lueet.
1071 4194 1132 4254 CV.
1153 4194 1245 4266 Quod
1256 4199 1388 4256 animae
1405 4197 1543 4257 illorirm
1559 4198 1617 4276 qui
1630 4215 1664 4256 se
1675 4199 1766 4275 ipsos

277 4297 481 4358 LXXXXVII.
506 4296 593 4356 Item
616 4297 657 4356 de
681 4297 758 4358 aliis
773 4297 970 4375 quibusdam
1024 4299 1061 4356 in
1088 4307 1228 4358 mortem
1252 4303 1569 4380 praecipitaverant,
1597 4305 1766 4364 mucimus

230 4405 433 4478 purpatoriis
457 4403 576 4479 poenis
603 4403 794 4462 animarum
816 4421 971 4481 quorum-
1025 4402 1194 4464 latronum
1209 4403 1377 4477 trabentes,
1394 4407 1432 4466 in
1446 4409 1598 4484 pelicano
1614 4415 1706 4470 sunt
1772 4431 1780 4438 “

231 4507 308 4566 dam
323 4509 508 4578 hominum,
522 4509 580 4585 qui
596 4509 633 4566 in
649 4509 703 4566 ira
718 4526 794 4567 cum
808 4509 881 4568 odio
893 4529 971 4588 pec-
1071 4508 1148 4570 CVI.
1174 4507 1215 4570 Ut
1230 4513 1377 4572 homines
1398 4512 1520 4590 seipsos
1541 4511 1609 4590 pro'
1623 4513 1765 4572 excessi

231 4617 405 4685 caverant,
431 4617 463 4671 et
487 4631 547 4672 cur
558 4604 581 4691 ¹)
612 4615 745 4672 easdem
767 4615 813 4674 sio
836 4618 971 4693 patian—
1027 4613 1085 4675 lus
1102 4619 1171 4676 suis
1195 4617 1277 4678 dum
1299 4619 1413 4678 vivunt
1427 4620 1586 4694 puniant,
1607 4622 1640 4676 et
1656 4617 1765 4694 quali·
1877 4627 1881 4638 '

232 4720 298 4774 tur.
1025 4728 1077 4781 ter
1099 4725 1187 4783 iram
1210 4725 1247 4783 in
1269 4723 1343 4782 odio
1355 4741 1418 4800 per
1434 4740 1468 4780 se
1485 4721 1701 4797 commissam,
1725 4722 1763 4782 in

275 4817 494 4880 LXXXXVIII.
519 4819 606 4880 Item
621 4821 661 4881 de
678 4820 874 4899 quibasdam
893 4824 970 4886 aliis
1026 4829 1212 4904 semetipsis
1225 4825 1439 4904 poenitendo,
1454 4825 1561 4888 cilicio
1576 4830 1608 4884 et
1621 4822 1765 4886 verberi·

226 4925 429 4998 purpatoriis
457 4927 592 5002 poenis,
627 4927 663 4986 in
694 4925 811 5004 quibus
838 4931 970 4990 animae
1025 4931 1083 4994 lus
1100 4951 1138 4994 ac
1148 4929 1290 5008 jejuniis
1306 4929 1450 4990 deleant.

266 5153 287 5222 'l
301 5171 388 5227 tuate
399 5153 432 5210 Ᾱ-
1058 5161 1081 5228 ²)
1094 5129 1272 5233 quammdaa
1286 5131 1390 5218 omsA.
