3998 6100
239 551 298 636 ,tl
829 569 855 616 s.
882 567 1148 618 utnuncaants

223 688 358 766 habeat,
377 694 543 768 quatenus
560 705 636 748 eum
654 688 773 763 salvet,
792 695 826 749 et
842 691 944 751 etiam
962 691 1095 752 studeat
1111 692 1295 768 promereri
1312 693 1348 750 ut
1361 689 1524 766 salvetur,
1538 697 1573 751 et
1585 687 1648 751 ltoc
1665 689 1698 753 in
1714 689 1781 756 fide

226 794 340 870 faciat,
366 796 401 854 in
418 811 483 871 qua
508 795 674 870 sapientia
698 795 894 871 completur.
913 795 1019 855 Homo
1037 797 1125 855 enim
1144 795 1340 872 inpeccatis
1364 802 1539 857 tortuosus
1563 804 1627 873 est,
1645 804 1680 857 et
1704 798 1780 859 ideo

226 915 302 958 cum
320 899 485 974 sapientia
502 903 635 972 tractet,
655 897 822 974 quomodo
839 904 976 975 peccata
992 899 1035 958 do
1051 915 1088 960 se
1103 899 1270 976 projiciat,
1289 905 1323 958 et
1338 899 1506 976 quomode
1527 901 1779 962 tortuositatem

225 1003 397 1078 vitiorum,
416 1020 518 1079 quam
535 1005 569 1062 in
584 1004 672 1078 visu,
691 1003 818 1078 auditu,
837 1009 949 1078 gustu,
970 1003 1110 1065 odoratu
1127 1010 1161 1063 ct
1178 1010 1270 1063 tactu
1286 1003 1399 1079 babet,
1415 1003 1457 1063 de
1473 1019 1510 1063 se
1527 1003 1669 1078 auferat
1687 1005 1781 1064 velut

227 1106 322 1168 faber
339 1107 464 1168 formas
483 1125 562 1168 suas
584 1109 691 1178 limat,
710 1113 746 1167 ut
761 1125 820 1167 eas
837 1108 870 1167 in
887 1114 979 1168 recta
996 1115 1109 1168 statua
1124 1105 1285 1184 pulchras
1302 1107 1413 1168 faciat.
1430 1107 1457 1166 0
1473 1123 1574 1184 quarn
1591 1123 1710 1182 magna
1727 1123 1781 1166 sa-

227 1213 354 1288 pientia
378 1219 441 1288 est,
461 1213 549 1288 quod
574 1213 673 1272 bomo
690 1227 750 1287 per
774 1213 929 1271 timorem
947 1213 1132 1288 sapientiae
1157 1213 1273 1288 incipit
1290 1217 1406 1271 contra
1430 1209 1541 1270 carnis
1557 1210 1633 1286 Jura
1656 1209 1778 1285 facere

226 1314 275 1378 ita
290 1316 378 1392 quod
402 1332 442 1375 ea
458 1321 597 1391 peccata
620 1315 760 1374 dimittit
776 1331 862 1390 quae
886 1314 997 1374 facere
1013 1315 1141 1390 posset!
1162 1315 1201 1374 Et
1218 1316 1267 1373 sic
1284 1331 1361 1374 cum
1378 1314 1537 1389 operibus
1558 1313 1635 1372 istis
1650 1327 1711 1388 per
1726 1329 1781 1372 sa-

227 1419 389 1494 pientiam
414 1420 515 1478 timor
538 1418 669 1477 Domini
694 1418 728 1476 in
752 1417 815 1476 lide
834 1425 1027 1478 sanctorum
1044 1423 1223 1478 concretus
1239 1423 1303 1492 est;
1322 1419 1410 1477 sieut
1426 1417 1531 1476 etiam
1546 1416 1579 1474 in
1595 1420 1672 1476 ortu
1687 1429 1782 1474 crea·

228 1529 381 1583 turanum
399 1525 565 1599 sapientia
582 1525 693 1584 omnia
709 1540 810 1600 opera
829 1541 889 1584 sua
907 1525 990 1583 bene
1007 1525 1197 1601 complevit.
1212 1523 1322 1586 Sedet
1339 1525 1410 1600 ipse
1426 1540 1503 1582 cum
1520 1523 1638 1582 electis
1655 1523 1688 1581 in
1705 1537 1781 1581 san-

226 1627 345 1686 ctitate
362 1625 495 1686 feminis
512 1627 654 1702 habitat,
673 1628 830 1703 quoniam
843 1626 931 1686 Deus
946 1627 1102 1687 feminam
1116 1630 1163 1687 ita
1176 1627 1363 1703 constituit,
1379 1633 1416 1686 ut
1429 1628 1584 1686 timorem
1598 1624 1640 1684 ad
1654 1625 1778 1701 ipsum,

227 1731 383 1790 timorem
401 1732 502 1790 etiarn
520 1732 689 1792 advirum
707 1748 805 1791 suum
823 1731 956 1792 habeat.
973 1733 1063 1792 Unde
1078 1733 1207 1808 iustum
1223 1739 1276 1792 est
1293 1734 1382 1809 quod
1400 1732 1521 1792 mulier
1541 1746 1675 1806 semper
1691 1731 1782 1790 timi·

225 1833 268 1893 da
296 1835 351 1894 sii.
377 1834 454 1910 Ipsa
478 1837 567 1894 enim
591 1836 689 1912 quasi
713 1837 833 1896 domus
858 1838 1044 1913 sapientiae
1068 1843 1132 1913 est,
1151 1839 1310 1914 quoniam
1327 1838 1502 1897 terrestria
1518 1841 1553 1895 et
1568 1835 1728 1896 coelestia
1746 1836 1780 1896 in

221 1939 298 2017 ipsa
317 1941 546 2018 perficiuntur.
569 1942 651 2002 Nam
670 1944 701 2002 in
719 1944 826 2002 altera
841 1951 938 2020 parte
955 1943 1055 2004 homo
1072 1961 1132 2020 per
1148 1961 1223 2004 eam
1240 1944 1402 2020 procedit,
1422 1945 1456 2003 in
1473 1943 1579 2004 altera
1596 1947 1709 2001 autem
1724 1941 1784 2000 bo-

227 2062 270 2104 na
296 2062 397 2123 opera
419 2063 495 2106 cum
511 2048 713 2107 verecundia
729 2049 901 2108 castitatis
917 2050 951 2108 in
968 2050 1041 2125 Ipsa
1057 2055 1228 2126 apparent.
1247 2049 1340 2122 Quod
1358 2049 1387 2108 si
1405 2050 1560 2108 timorem
1576 2065 1642 2108 non
1658 2046 1784 2108 habue-

230 2155 285 2229 rit,
304 2153 540 2213 verecundiam
557 2155 727 2214 castitatis
744 2156 853 2214 colere
871 2172 936 2215 non
952 2156 1087 2231 poterit,
1102 2156 1192 2232 quia,
1208 2153 1295 2214 sicut
1311 2149 1333 2234 ¹)
1351 2155 1524 2231 vipereum
1540 2169 1659 2229 genus,
1673 2152 1784 2212 omnia

233 2277 319 2338 quae
344 2266 470 2337 potest,
497 2261 733 2321 transmordet.
760 2262 930 2321 Timorata
956 2267 1068 2321 autem
1092 2261 1213 2322 mulier
1237 2275 1352 2320 omnes
1376 2259 1513 2319 divitias
1529 2259 1693 2318 bonorum
1708 2272 1788 2333 ope-

227 2383 303 2426 rum
327 2371 588 2441 sanctarumque
611 2367 777 2426 virtutum
802 2366 834 2424 ln
859 2366 969 2425 sinum
994 2381 1096 2425 suurn
1118 2365 1257 2441 colligit,
1283 2380 1344 2424 nec
1369 2379 1517 2441 unquam
1535 2368 1661 2436 cessat,
1677 2361 1783 2421 donec

231 2473 377 2549 plurima
401 2471 487 2531 bona
513 2471 690 2546 compleat.
715 2469 768 2529 Sic
789 2471 892 2528 timor
908 2469 1039 2529 Domini
1056 2486 1132 2529 cum
1149 2470 1266 2528 electis
1284 2468 1429 2542 semime,
1451 2483 1538 2545 quae
1554 2468 1588 2527 in
1605 2465 1786 2526 sanctitate

232 2578 267 2632 et
288 2572 422 2648 justitia
445 2573 573 2630 electae
598 2576 687 2645 sunt,
714 2586 791 2630 esse
815 2571 976 2646 creditur,
1000 2572 1056 2630 ubi
1073 2572 1217 2631 virtutes
1235 2572 1267 2630 in
1284 2571 1368 2647 ipsIs
1385 2575 1577 2646 operantur,
1596 2575 1629 2628 et
1646 2583 1722 2628 cum
1734 2565 1789 2643 ju-

234 2677 309 2750 stis,
334 2676 392 2752 qui
410 2676 518 2750 legem
534 2681 567 2734 et
583 2680 762 2751 praecepta
778 2674 836 2734 Dei
855 2676 888 2733 in
905 2676 1060 2734 omnibus
1077 2676 1256 2752 complent,
1275 2683 1308 2735 et
1325 2692 1401 2734 cum
1418 2674 1571 2735 fidelibus
1587 2674 1645 2749 qui
1663 2689 1789 2749 corpus

235 2794 335 2837 suum
358 2783 392 2837 et
409 2778 581 2837 saeculum
598 2782 736 2853 propter
752 2776 856 2836 Deum
875 2779 1079 2854 relmquunt‚
1099 2779 1132 2837 in
1149 2779 1279 2854 magnis
1297 2777 1471 2837 miraculis
1488 2777 1693 2852 agnoscitur,
1711 2790 1788 2834 curn

234 2883 321 2943 bona
338 2887 372 2941 et
388 2889 504 2941 sancta
522 2897 622 2957 opera
639 2897 756 2940 eorum
773 2882 806 2941 in
823 2887 893 2941 toto
915 2883 1049 2958 mundo,
1067 2884 1161 2943 velut
1178 2883 1242 2958 sol,
1261 2881 1448 2942 fulminant.
1465 2881 1556 2941 Haec
1573 2886 1685 2941 autern
1700 2879 1789 2939 bona

237 2984 309 3043 sine
335 2985 455 3044 timore
478 2982 610 3044 Domini
634 2984 706 3043 fieri
730 3001 797 3044 non
817 2991 972 3060 possunt,
989 2985 1048 3044 sed
1064 3001 1125 3062 per
1140 3001 1216 3046 eum
1233 2985 1376 3044 fideliter
1392 2985 1611 3061 complentur.
1629 2983 1689 3042 HIs
1705 2996 1789 3041 vero

235 3086 396 3162 operibus
419 3086 552 3146 timoris
578 3085 708 3146 Domini
733 3104 828 3148 amor
849 3089 975 3149 saeculi
992 3095 1094 3149 caret.
1113 3089 1203 3148 Haec
1220 3095 1332 3148 autem
1348 3089 1389 3147 de
1405 3087 1645 3164 poenitentium
1662 3085 1790 3144 anima·

233 3193 299 3252 bus
322 3191 506 3268 purgandis
529 3197 563 3250 et
584 3191 755 3252 salvandis
772 3193 861 3252 dicta
879 3197 968 3266 sunt,
986 3199 1021 3253 et
1037 3193 1147 3254 fidelia
1164 3199 1253 3268 sunt3
1272 3198 1306 3252 et
1322 3192 1432 3254 fidelis
1448 3192 1502 3252 his
1518 3189 1681 3265 attendat,
1697 3195 1732 3250 et
1746 3203 1789 3254 ea

233 3297 266 3356 in
283 3295 479 3356 memoriam
495 3295 602 3355 bonae
619 3295 780 3355 scientiae
797 3302 987 3372 componat.
1742 3281 1753 3300 ⁹

930 3503 1095 3568 LXXXIII.

836 3717 948 3776 Poena
967 3718 1205 3795 petulantium.

282 3920 336 3983 97.
361 3919 485 3981 Deinde
501 3917 587 3981 alios
603 3921 775 3996 praelatae
792 3923 1018 3984 multitudinis
1035 3925 1176 4000 spiritus
1193 3923 1274 3999 vidi,
1293 3924 1350 4002 qui
1367 3903 1487 4000 magno
1503 3924 1649 3984 clamore
1666 3919 1790 3985 saltan-

240 4033 285 4090 tis
310 4028 412 4088 animi
437 4027 638 4100 clamabant,
665 4027 752 4104 quod
770 4027 904 4087 Lucifer
920 4028 1042 4104 dignus
1059 4029 1185 4088 honore
1202 4028 1259 4088 illo
1273 4034 1365 4089 esset
1381 4045 1481 4105 quem
1498 4028 1563 4088 sibi
1580 4034 1791 4105 usurpasset.

239 4131 281 4192 lli
298 4137 410 4191 autem
427 4128 468 4188 ad
485 4130 706 4206 petulantIam
723 4132 844 4191 mentis
862 4130 1014 4192 homines
1032 4133 1226 4208 specialiter
1241 4133 1377 4207 ducunt,
1396 4138 1429 4193 et
1447 4138 1483 4192 ut
1498 4133 1719 4208 petulantiam
1736 4149 1794 4210 ap-

240 4237 459 4315 prehendant,
485 4233 714 4294 exhortantur.
739 4235 779 4294 Et
803 4251 961 4311 magnum
978 4253 1017 4295 ac
1034 4237 1256 4297 rubicundum
1274 4234 1383 4312 ignem
1399 4235 1480 4313 vidi,
1499 4236 1556 4314 qui
1573 4242 1666 4297 tanta
1682 4236 1794 4296 densi-

244 4349 313 4403 tate
336 4337 362 4420 ²)
388 4340 671 4414 circumdabatur,
697 4341 784 4416 quod
809 4342 963 4402 flammae
990 4343 1063 4419 ejus
1085 4361 1146 4420 pro
1163 4343 1329 4403 densitate
1344 4342 1495 4419 ejusdem
1512 4344 1601 4403 aeris
1617 4357 1794 4420 erumpere

242 4467 309 4510 non
332 4447 499 4508 valebant.
520 4447 561 4506 Et
578 4447 609 4506 in
629 4448 704 4523 igne
721 4447 786 4506 isto
804 4447 940 4523 plurimi
957 4454 990 4508 et
1008 4449 1096 4524 ignei
1113 4449 1289 4509 vermiculi
1305 4454 1413 4523 erant,
1431 4447 1487 4525 qui
1506 4449 1539 4507 in
1555 4463 1596 4508 eo
1611 4447 1794 4509 maximum

240 4555 419 4631 strepitum
443 4559 477 4612 et
502 4568 583 4612 sono
607 4557 641 4611 et
666 4556 759 4611 motu
784 4568 844 4611 suo
871 4551 1048 4613 faciebant.
1067 4551 1205 4615 Animae
1222 4560 1334 4615 autem
1352 4567 1438 4631 quae
1455 4552 1488 4611 in
1504 4551 1704 4628 corporibus
1720 4551 1794 4612 suis

243 4660 276 4718 in
300 4657 486 4734 petulantia
510 4660 742 4731 peccaverant,
770 4655 802 4714 in
827 4654 889 4715 hoc
913 4657 1078 4717 acerrimo
1103 4657 1178 4733 igne
1198 4657 1453 4734 torquebantur,
1471 4656 1518 4716 ita
1535 4653 1741 4731 quodetiam
1758 4653 1793 4715 in

241 4777 280 4820 eo
306 4759 512 4836 splraculum
536 4759 592 4816 vix
615 4756 739 4818 habere
763 4764 920 4834 poterunt
942 4753 980 4838 ³),
1006 4761 1164 4837 quoniam
1189 4761 1277 4820 idem
1302 4759 1389 4835 ignIs
1414 4764 1507 4820 tanta
1522 4758 1690 4819 densitate
1704 4758 1795 4818 aeris

243 4863 516 4938 concludebatur,
542 4862 632 4938 quod
657 4864 784 4923 nullum
807 4865 934 4924 aditum
952 4867 1112 4941 spiraculi
1131 4864 1285 4939 habebat3
1304 4871 1338 4924 et
1354 4865 1455 4924 etiam
1472 4864 1515 4924 ab
1530 4863 1657 4923 eisdem
1673 4863 1797 4925 vermi·

173 4993 177 5000 ·
245 4968 332 5027 culis
345 4969 450 5028 latera
464 4975 497 5028 et
510 4969 611 5046 pedes
624 4984 740 5028 eorum
758 4969 938 5046 plurimum
957 4969 1194 5046 fatigabantur.
1208 4969 1290 5028 Nam
1304 4967 1394 5046 quia,
1408 4967 1487 5028 dum
1505 4966 1538 5027 in
1555 4967 1689 5034 saeculo
1705 4967 1797 5028 vixe-

283 5225 303 5292 ¹)
318 5227 461 5282 secrutdnm
475 5223 507 5279 t.
538 5255 556 5262 -
569 5223 591 5289 ll
607 5228 659 5278 tam
673 5223 752 5278 denso
766 5239 827 5277 aere
839 5219 871 5276 Α.
889 5253 918 5260 -
935 5219 957 5284 ³l
971 5227 1113 5293 potuerunt
1127 5218 1159 5274 .t.
