3998 6100
853 559 1103 610 PROOEMIUM
1703 559 1741 606 xl

205 715 296 768 cana
323 692 542 790 plantarum,
574 691 749 780 arborum,
778 693 1070 792 metallorumque
1096 695 1320 790 investigare,
1349 697 1574 770 manifestare
1603 699 1765 772 stadt-ilite-

205 829 255 894 tes
283 823 496 896 diversarum
525 827 747 913 naturarum,
785 819 837 891 uti
863 821 934 909 ait,·
969 821 1051 894 inde
1090 822 1222 919 duplex
1262 821 1439 894 derivasse
1474 821 1615 894 videtur
1655 822 1761 912 liber,

207 970 300 1018 unus
324 949 497 1040 simplicis,
525 945 615 1018 alter
632 948 826 1038 compositae
851 949 1041 1022 medicinae.
1069 949 1248 1044 Quidquid
1265 949 1310 1021 sit
1335 949 1379 1020 de
1403 949 1606 1044 integritate
1628 956 1662 1022 et
1687 950 1758 1022 sin·

207 1075 355 1146 ceritate
386 1075 553 1147 librorum
585 1073 796 1171 hujusmodi,
831 1077 892 1170 qui
925 1078 989 1150 sub
1022 1078 1251 1174 Hildegardis
1283 1079 1425 1153 nomine
1450 1080 1754 1177 circumferuntur,

208 1216 342 1280 certum
378 1214 429 1279 ast
459 1207 615 1282 eamdem
650 1207 763 1280 multa
796 1208 839 1280 de
871 1231 908 1280 re
942 1209 1087 1302 medica,
1115 1233 1184 1280 non
1217 1209 1292 1282 sine
1332 1209 1506 1306 stupenda
1539 1211 1753 1300 eruditione,

207 1333 406 1428 dictavisse,
433 1360 474 1408 ac
493 1337 628 1409 nullum
657 1337 805 1410 fortasse
835 1345 974 1410 exstare
1000 1362 1087 1435 opus
1116 1339 1228 1434 magis
1253 1340 1444 1434 genuinum
1471 1364 1578 1436 qnam
1604 1341 1694 1417 liber
1718 1347 1759 1417 dc

211 1461 331 1534 Gracia
355 1469 386 1534 et
411 1462 522 1556 Garis,
551 1487 652 1559 qnam
680 1463 787 1538 babet
805 1465 930 1538 unicus
947 1466 1057 1539 codex
1075 1465 1280 1540 Halniensis
1303 1466 1361 1562 (cl.
1382 1492 1414 1563 p.
1434 1471 1632 1563 ecs-482),
1660 1471 1760 1566 cujas

209 1596 414 1662 accuratam
430 1591 678 1685 recensionem,
697 1593 971 1690 principemque,
987 1602 1027 1666 ut
1040 1594 1151 1688 aiunt,
1166 1595 1353 1668 editionem
1367 1596 1412 1667 ab
1427 1595 1563 1668 erudito
1581 1595 1656 1668 viro
1682 1621 1760 1692 ger-

209 1721 347 1795 manico
365 1724 581 1820 propediem
600 1733 827 1822 expectamus
844 1728 910 1824 (l).
1123 1707 1129 1717 ¹

261 1853 457 1929 Transacto
485 1857 578 1930 inter
603 1865 656 1930 tot
682 1881 797 1931 rerum
823 1867 859 1932 et
883 1859 1101 1954 negotiorum
1129 1859 1378 1956 impedimenta
1404 1859 1589 1954 decennio,
1623 1857 1761 1952 Virago

212 1979 379 2053 alacriter
396 2006 487 2054 novo
504 1985 602 2080 operi
617 1985 868 2058 conscribendo
886 1986 1055 2070 incubuit,
1083 1987 1138 2058 cui
1157 1986 1299 2060 titulum
1317 1987 1426 2060 dedit:
1442 1988 1546 2060 Irr'bcr
1575 1985 1672 2058 Vitae
1695 2007 1762 2058 mc·

209 2110 365 2198 ritoram,
384 2135 489 2205 quem
501 2111 574 2207 jam
594 2120 705 2185 totum
723 2113 831 2186 babes
848 2113 884 2187 in
909 2113 976 2188 hoc
995 2124 1089 2188 tomo
1107 2113 1159 2210 (p.
1181 2117 1330 2208 1-244).
1346 2115 1456 2212 Cujus
1473 2114 1509 2186 in
1528 2113 1672 2187 exordio
1686 2112 1764 2208 ipsa

212 2245 370 2310 recenset
387 2238 557 2334 quidquid
575 2247 680 2312 antea
706 2239 903 2336 scripserat.
933 2238 1092 2334 «Igitur,
1111 2240 1170 2328 ait,
1198 2239 1234 2312 in
1261 2239 1480 2335 sexagesimo
1506 2239 1619 2336 primo
1637 2237 1763 2310 aetatis

212 2389 311 2438 meas
329 2389 433 2458 anno,
453 2367 512 2462 qui
531 2373 583 2439 est
600 2367 797 2442 MCLVIII
814 2367 916 2440 Dom.
937 2367 1190 2441 incarnationis
1216 2390 1366 2441 annus...
1384 2391 1528 2441 manum
1546 2367 1591 2440 ad
1608 2365 1761 2439 scriben-

212 2491 295 2562 dum
314 2491 414 2588 posui
432 2489 499 2588 (2');
518 2491 646 2564 fortem.
660 2498 694 2564 et
711 2491 907 2564 mirabilem
927 2491 1096 2565 visionem
1113 2493 1197 2582 vidi,
1225 2493 1261 2564 in
1278 2515 1349 2588 qua
1367 2492 1473 2564 etiam
1488 2514 1550 2587 per
1567 2489 1765 2586 quinquen·

212 2636 308 2708 nium
329 2636 488 2710 laboravi
506 2635 555 2730 (a.
576 2638 816 2732 1158-1162).

261 2765 385 2861 Neque
402 2767 507 2840 etiarn
526 2775 610 2840 tuno
627 2791 649 2838 a
665 2767 881 2862 gravissimis
909 2767 1035 2840 litteris
1053 2776 1087 2839 et
1114 2768 1262 2863 negotiis
1288 2766 1459 2839 abstinuit
1484 2789 1531 2858 sc,
1558 2787 1665 2860 quum
1692 2763 1763 2837 lor-

209 2893 293 2966 titer
310 2896 483 2969 obstiterit
502 2897 576 2969 diro
593 2896 772 2969 schismati
792 2922 812 2968 a
829 2897 1016 2970 Frederico
1032 2896 1257 2985 Barbarosso‚
1277 2905 1317 2970 ut
1335 2898 1444 2986 aiunt,
1463 2920 1675 2993 peromnem
1694 2896 1766 2968 En·

210 3048 333 3120 rapam
349 3027 525 3122 impresso,
543 3051 585 3100 ac
602 3033 782 3122 praeterea
800 3025 974 3098 Catharos
992 3027 1050 3122 qui
1070 3049 1131 3122 per
1148 3025 1297 3114 Gallias,
1313 3025 1473 3120 Belgium
1488 3031 1523 3098 et
1536 3024 1765 3099 Germaniam

209 3155 474 3246 grassabantur,
493 3153 669 3250 impetivit
686 3176 796 3248 usque
813 3153 856 3225 ad
875 3177 906 3224 a.
930 3155 1022 3225 1163
1042 3153 1088 3248 (p.
1109 3155 1205 3246 348).

262 3277 398 3363 Quibus
424 3301 486 3375 per
511 3289 642 3375 septem
670 3302 781 3350 annos
806 3277 1050 3375 (llas-1170)
1076 3277 1240 3351 successit
1268 3277 1409 3350 tertium
1443 3301 1531 3374 opus
1559 3279 1635 3352 sive
1659 3281 1764 3352 Liber

214 3403 421 3477 Divinarum
436 3430 584 3499 operam.
616 3407 740 3480 «Cam
767 3407 964 3504 sexaginta,
992 3407 1053 3496 ait,
1081 3430 1253 3480 annorum
1279 3431 1399 3500 essem,
1427 3407 1518 3480 tanti
1545 3410 1702 3504 mysterii
1730 3420 1764 3484 et

213 3531 431 3606 fortitudinis
450 3533 618 3608 visionem
639 3534 723 3625 vidi,
750 3546 789 3607 nt
815 3545 890 3607 tota
915 3535 1228 3623 contremiscerem,
1251 3548 1285 3606 et
1303 3559 1365 3630 pro
1390 3534 1585 3631 fragilitate
1610 3539 1766 3634 corporis

214 3663 281 3734 mei
309 3671 493 3758 aegrotare
510 3665 712 3761 inciperem:
743 3689 849 3760 quam
880 3664 1060 3758 visionem,
1093 3689 1156 3761 per
1182 3673 1316 3760 septem
1341 3686 1453 3735 annos
1478 3663 1671 3759 scribendo,
1703 3665 1766 3736 vix

212 3775 466 3867 consummavi.
490 3827 504 3864 a

264 3918 414 3992 Nonnisi
433 3945 516 4018 ergo
532 3922 719 4018 plusquam
746 3923 1018 4020 septuagenaria
1035 3929 1148 3994 totum
1167 3945 1264 4018 opus,
1293 3945 1354 4018 per
1379 3921 1529 4018 triginta
1551 3945 1663 3996 annos
1689 3949 1768 4022 pro·

216 4045 371 4140 ductum,
398 4048 524 4123 ultima
549 4051 713 4124 coronide
739 4050 939 4147 complevit.
966 4052 1021 4122 Ao
1047 4048 1153 4146 paulo
1180 4057 1273 4146 post,
1303 4050 1429 4122 mulier
1455 4050 1554 4122 fortis
1573 4053 1766 4125 maximum

217 4185 476 4272 etpostramum
496 4180 562 4252 iter
581 4181 797 4276 aggreditur:
825 4181 990 4256 Rhenum
1016 4188 1220 4274 transmeat,
1248 4181 1409 4276 Belgium
1429 4181 1514 4275 adit,
1542 4180 1680 4255 Gallias
1705 4207 1765 4279 pe-

218 4313 351 4399 ragrat,
369 4313 409 4378 ut
428 4306 463 4378 S.
481 4307 638 4384 Martino
662 4308 859 4382 Toronensi
885 4297 1168 4405 se'percgrinam
1195 4309 1306 4381 sistat.
1334 4308 1433 4380 Dura
1459 4321 1544 4380 tuno
1569 4308 1764 4380 certamina

217 4461 295 4508 cum
327 4437 513 4510 Frederico
543 4446 577 4509 et
605 4438 718 4510 tribus
746 4439 942 4535 antipapis,
974 4438 1187 4512 Antichristi
1212 4439 1325 4511 instar
1351 4437 1577 4530 luctantibus,
1607 4438 1766 4512 Ecclesia

217 4563 415 4638 exercebat.
434 4564 523 4638 Cum
546 4564 763 4659 Alexandro,
783 4564 924 4637 tandem
944 4565 1087 4659 victore,
1107 4566 1226 4638 stabat
1242 4565 1481 4659 Hildegardis,
1500 4589 1592 4660 quae
1609 4565 1769 4641 Turonos

256 4794 298 4854 (l)
311 4788 441 4846 Codicem
461 4790 628 4848 etiamnunc
641 4791 674 4846 ad
689 4806 803 4846 manum
821 4791 969 4853 babemus.
1017 4805 1065 4846 cae
1079 4790 1214 4859 magistro
1227 4786 1472 4854 Greisswaldensi,
1484 4787 1574 4844 sallus
1585 4788 1761 4847 existimavi.

220 4891 253 4931 ac
266 4889 351 4945 penes
364 4891 414 4930 nos
428 4875 496 4940 luit,
515 4874 628 4931 lavante
641 4877 676 4932 cl.
694 4874 799 4932 Bruun.
819 4875 970 4932 Halniensi
1054 4880 1092 4942 (2)
1111 4875 1152 4933 Cl.
1175 4894 1202 4948 p.
1225 4883 1251 4938 7,
1272 4882 1297 4931 8.
1320 4874 1435 4931 Codiccs
1455 4879 1523 4936 tres,
1547 4879 1632 4945 prout
1655 4875 1763 4946 jacent,

219 4961 971 5034 bibliothecario,totnmopusinbunclomomdccus·
1016 4963 1201 5025 exhibentur,
1216 4961 1271 5016 nisi
1287 4959 1361 5031 quod
1376 4966 1441 5015 ante
1456 4959 1556 5014 ultima
1572 4959 1699 5028 prolixae
1719 4979 1764 5033 pc-

220 5050 298 5108 sisse.
314 5050 367 5108 Scd
383 5065 471 5120 quum
485 5049 633 5107 doctorum
650 5049 773 5118 vigiliis,
791 5048 877 5104 eliam
892 5053 971 5102 extra
1016 5047 1089 5104 riodi
1102 5049 1196 5110 verba,
1208 5050 1277 5104 mibi
1286 5049 1324 5102 od
1335 5047 1542 5120 explanandam
1553 5048 1713 5112 ostenderat,
1730 5049 1765 5104 ir-

220 5137 291 5192 llncs
305 5136 423 5208 patrios,
438 5135 609 5206 parcendum
628 5134 678 5198 sil,
698 5151 769 5191 onrrs
788 5139 817 5190 cl
837 5134 971 5190 bonorem
1016 5133 1106 5206 repsit
1129 5130 1373 5203 importunissima
1395 5131 1492 5186 vocula
1515 5149 1595 5206 qaas,
1610 5131 1642 5184 sd
1658 5141 1766 5204 portur·

219 5221 422 5294 ccdercprimo
435 5220 596 5293 occupanti,
611 5219 671 5275 Car.
689 5221 797 5283 Iessea,
809 5220 848 5276 rci
861 5221 970 5276 bolani-
1017 5219 1135 5275 bandum
1156 5224 1242 5273 lolam
1260 5217 1369 5272 arcadii
1396 5218 1507 5274 scriem.
