3998 6100
750 597 869 646 crena
895 597 998 646 vrrs
1026 599 1259 646 uanrronun
1700 582 1738 644 11

231 735 250 778 s
269 719 336 781 lam
351 717 500 796 quaeris,
517 731 604 793 quae
622 716 654 775 in
670 715 918 792 pulchritudine
933 717 1120 792 juventutis
1137 733 1307 794 nunquam
1323 721 1465 790 arescet,
1480 721 1514 776 et
1530 732 1616 792 quae
1633 716 1666 776 in
1683 733 1777 776 sene·

230 838 250 880 a
268 827 359 882 ctutc
375 835 545 897 nunquam
561 818 702 879 deliciet.
720 819 768 879 Tu
784 820 887 880 etiam
904 819 995 880 omni
1013 821 1087 880 luce
1103 835 1212 895 caree,
1231 835 1271 880 ac
1288 820 1321 879 in
1338 819 1433 894 nigra
1457 818 1601 894 caligine
1617 834 1666 895 es,
1691 821 1776 880 etin

229 927 473 987 »voluntatem
497 923 642 984 hominis
666 921 754 982 sicut
777 923 903 983 vermis
928 923 1120 984 involveris.
1146 925 1196 985 Tu
1211 937 1344 1001 quoquc
1368 923 1467 999 quasi
1482 938 1542 998 per
1567 927 1773 983 momentum

232 1048 248 1088 s
268 1045 371 1090 unum
393 1029 500 1104 vives,
525 1029 559 1089 et
574 1029 691 1102 postea
706 1027 793 1088 sicut
810 1026 924 1088 lenum
940 1041 1085 1103 aresces,
1104 1041 1144 1088 ac
1160 1027 1259 1089 sicin
1276 1028 1386 1088 lacum
1401 1027 1597 1102 perditionis
1614 1026 1725 1102 cades,
1743 1027 1778 1086 et

232 1151 249 1191 i
267 1134 315 1194 ibi
336 1133 371 1194 in
394 1132 548 1192 omnibus
571 1130 836 1206 amplexionibus
860 1131 926 1192 tuis
950 1131 1087 1208 finieris,
1113 1147 1197 1208 quas
1220 1130 1255 1192 in
1276 1124 1512 1192 constitutione
1529 1133 1588 1192 tua
1603 1131 1702 1192 tlores
1718 1146 1778 1192 no-

229 1253 248 1294 »
267 1237 385 1298 minas.
409 1236 477 1312 Ego
502 1237 615 1297 autem
638 1235 794 1296 columna
817 1235 973 1296 coelestis
990 1235 1186 1296 harmoniae
1203 1251 1289 1310 sum,
1307 1237 1342 1296 et
1357 1235 1469 1296 omnia
1484 1235 1606 1311 gaudia
1621 1234 1711 1296 vitae
1727 1235 1777 1294 at-

232 1359 250 1400 »
269 1341 378 1402 tendo.
403 1339 513 1400 Vitam
534 1353 603 1400 nou
627 1337 776 1415 repudio,
795 1337 853 1399 sed
877 1339 990 1400 omnia
1004 1339 1104 1400 noxia
1119 1338 1290 1414 conculco,
1309 1338 1395 1400 sicut
1411 1339 1513 1400 etiam
1529 1339 1684 1414 teipsam
1701 1352 1779 1398 con·

232 1463 248 1502 s
269 1445 390 1506 temno.
416 1441 595 1518 Speculum
618 1441 707 1503 enim
732 1441 880 1503 omnium
897 1442 1060 1504 virtutum
1077 1459 1163 1518 sum,
1181 1444 1297 1519 inquo
1315 1442 1422 1504 omnis
1439 1441 1546 1505 fidelis
1562 1442 1736 1518 perspicue
1751 1435 1775 1520 ¹)

231 1567 247 1606 s
267 1565 303 1608 se
327 1546 561 1608 considerabit.
586 1547 634 1607 Tu
658 1548 770 1607 autem
788 1547 823 1607 in
838 1547 1004 1607 nocturna
1018 1547 1075 1607 via
1091 1547 1211 1622 curris,
1230 1562 1270 1607 ac
1286 1561 1405 1608 manus
1421 1548 1499 1608 tuae
1515 1545 1683 1608 deiectum
1699 1561 1777 1623 ope·

232 1671 248 1710 s
268 1655 427 1714 rantur.»

975 1753 1030 1814 111.

834 1959 939 2022 Verba·
953 1963 1172 2040 petulantiae.

273 2173 325 2235 iu.
350 2172 501 2234 Securma
524 2171 637 2231 autem
661 2169 771 2246 imago
795 2168 833 2230 ut
856 2169 948 2230 canis
972 2171 1063 2246 erat,
1081 2171 1139 2248 qui
1156 2173 1273 2232 venari
1289 2173 1385 2248 solet,
1403 2176 1437 2235 et
1454 2191 1554 2251 super
1570 2177 1774 2251 posteriores

225 2277 329 2353 pedes
353 2291 430 2338 suos
454 2274 582 2349 stabat,
607 2273 794 2334 anteriores
819 2275 932 2334 autem
948 2289 1049 2349 super
1065 2274 1221 2336 baculum
1238 2291 1371 2337 sursum
1388 2281 1538 2340 erectum
1553 2283 1722 2357 posuerat,
1740 2285 1774 2344 ot

226 2380 334 2442 cauda
357 2394 429 2455 sua,
454 2394 529 2440 earn
553 2376 804 2453 commovendo,
831 2377 983 2452 ludebat,
1009 2381 1043 2440 ct
1066 2379 1208 2441 dicebat:
1229 2399 1245 2438 r
1264 2380 1349 2452 Quid
1364 2381 1474 2444 oberit
1489 2382 1616 2446 homini
1632 2385 1771 2459 laetitia,

228 2503 245 2544 s
264 2500 324 2560 per
346 2498 448 2560 quam
472 2480 601 2542 modice
626 2480 660 2541 in
681 2481 786 2540 risum
803 2481 995 2541 moveatur?
1010 2481 1093 2542 Nam
1109 2483 1180 2558 ipse
1198 2483 1375 2558 pulchrum
1391 2485 1596 2560 spiraculum
1612 2487 1646 2547 in
1662 2487 1775 2548 anima

228 2606 245 2647 ›
264 2590 329 2662 cst,
355 2587 442 2647 unde
459 2585 562 2646 etiam
578 2583 817 2660 symphonialis
834 2599 908 2645 esso
925 2584 1034 2647 debet.
1051 2586 1131 2657 Quis
1148 2589 1199 2648 est
1217 2587 1315 2648 homo
1332 2589 1390 2666 qui
1407 2604 1540 2664 semper
1555 2591 1706 2654 mortalis
1722 2607 1774 2652 es-

225 2708 242 2749 »
262 2707 297 2753 se
314 2689 435 2766 possit?
451 2689 564 2750 Nemo.
583 2688 793 2763 Quapropter
810 2688 967 2760 laetetur,
985 2689 1066 2750 dum
1083 2691 1202 2751 laetari
1220 2692 1367 2764 potest.»

964 2897 1032 2958 1111.

786 3105 993 3184 Responsum
1016 3107 1222 3184 disciplinae.

272 3311 325 3374 13.
349 3311 388 3373 Et
412 3311 533 3372 iterum
556 3311 598 3371 de
614 3312 786 3386 praedicta
802 3313 936 3373 turbida
952 3313 1040 3375 nube
1056 3315 1170 3375 audivi
1187 3331 1305 3376 vocem
1321 3315 1400 3376 huic
1416 3319 1554 3396 imagini
1572 3337 1769 3396 responsum

220 3415 366 3477 dantem:
394 3435 410 3474 r
437 3415 485 3475 Tu
509 3414 762 3492 scelestissima,
788 3417 822 3476 in
845 3417 1008 3493 squalidis
1032 3418 1181 3479 moribus
1203 3418 1424 3496 joculantium
1442 3422 1611 3484 bominum
1629 3425 1771 3485 circum-

224 3538 241 3579 »
262 3519 354 3580 llanti
369 3520 469 3580 vento
486 3518 605 3579 similis
622 3534 674 3594 es,
692 3534 731 3580 ac
747 3519 782 3580 in
798 3521 962 3582 varietate
980 3523 1037 3582 tue
1053 3523 1225 3584 vermibus
1244 3525 1369 3585 terram
1386 3525 1620 3590 effodientibus
1638 3529 1769 3590 assimi-

224 3641 241 3682 ι
261 3623 350 3684 laris.
376 3621 459 3682 Nam
483 3637 559 3681 cum
583 3621 734 3683 homines
751 3625 783 3684 te
799 3623 955 3698 viderint,
975 3625 1035 3686 tibi
1052 3627 1279 3704 consentiunt,
1297 3628 1419 3706 quibus
1436 3634 1472 3691 tu
1489 3632 1639 3706 gaudens
1654 3649 1771 3694 occur

223 3744 240 3784 ι
261 3725 317 3801 ris,
343 3725 430 3786 sicut
453 3740 524 3785 mos
549 3726 641 3785 canis
664 3729 736 3802 est;
762 3729 874 3788 accis
898 3729 961 3790 hoc
985 3729 1082 3790 modo
1099 3731 1292 3808 persuades,
1311 3735 1347 3792 ut
1363 3737 1518 3808 exoptent
1534 3735 1695 3814 quidquid
1712 3753 1771 3798 vo·

223 3846 240 3886 )
260 3827 393 3889 luerint.
419 3827 482 3888 Sed
506 3830 539 3889 et
554 3829 662 3890 otiosa
679 3832 713 3892 et
728 3831 916 3893 criminalia
931 3833 1034 3894 verba
1051 3833 1193 3910 profers,
1211 3836 1333 3912 quibus
1349 3836 1449 3896 corda
1467 3837 1637 3902 hominum
1653 3843 1769 3904 vulne-

222 3949 326 4008 »ras‚
352 3948 391 3992 ac
415 3946 526 3992 mores
550 3933 625 3993 tuos
650 3933 682 3994 in
707 3936 947 4018 consuetudine
972 3937 1055 4012 legis
1080 3936 1141 3998 tibi
1165 3939 1352 4013 constituis,
1371 3940 1493 4016 quibus
1509 3941 1661 4006 homines
1678 3961 1767 4007 com-

221 4053 240 4094 l)
258 4035 446 4112 prebendis.
470 4034 538 4110 Ego
563 4038 675 4097 autem
698 4038 868 4116 cingulum
894 4040 1081 4102 sanctitatis
1098 4043 1131 4101 ct
1147 4042 1285 4116 pallium
1302 4043 1486 4105 honestatis
1502 4062 1592 4123 sum;
1611 4049 1700 4110 acin
1717 4065 1768 4110 rc-

223 4155 241 4196 »
260 4137 392 4214 palibus
415 4139 539 4214 nuptiis
564 4139 744 4202 honorilice
769 4143 925 4220 adJuncta
949 4159 1035 4219 sum,
1060 4145 1094 4204 in
1111 4146 1232 4222 quibus
1249 4163 1325 4208 cum
1341 4149 1463 4224 gaudio
1480 4151 1612 4214 soboles
1626 4151 1652 4234 ²)
1669 4154 1768 4216 disci-

222 4257 239 4298 s
258 4241 367 4316 plinae
384 4257 539 4320 appareo,
556 4246 591 4312 et
606 4245 640 4304 in
657 4247 778 4323 quibus
795 4261 871 4308 cum
888 4248 1042 4310 omnibus
1060 4250 1264 4311 ornamentis
1278 4251 1428 4328 iustitiae
1445 4271 1624 4318 corusco.»

974 4458 1008 4518 V.

833 4663 933 4725 Verbo
949 4661 1166 4740 joculatricis.

264 4867 316 4930 11.
342 4869 453 4930 Tertia
478 4885 557 4931 vero
583 4869 692 4949 imago
718 4873 842 4934 bomini
867 4875 1132 4952 assimilabatur,
1158 4881 1295 4954 excepto
1320 4880 1408 4956 quod
1434 4882 1621 4943 tortuosum
1646 4903 1763 4948 nasum

219 4969 374 5046 babebat,
399 4975 433 5033 et
456 4975 545 5051 quod
570 4992 687 5036 manus
711 4977 783 5054 ejus
806 4984 844 5039 ut
867 4979 968 5055 pedes
991 4981 1060 5040 ursi
1086 4985 1192 5058 erant,
1218 4983 1255 5060 et
1267 4983 1355 5060 quod
1372 4985 1472 5060 pedes
1490 4986 1593 5060 ipsius
1611 4990 1648 5049 ut
1663 4991 1763 5066 pedes

217 5073 359 5151 grifonis
383 5084 619 5152 apparuerunt.
644 5081 763 5159 Nigrus
787 5085 900 5145 autem
923 5085 1062 5160 capillos
1080 5083 1235 5162 habebat,
1253 5089 1287 5164 et
1302 5087 1426 5165 pallida
1443 5093 1535 5152 veste
1551 5092 1760 5157 induebatur.

255 5219 476 5297 'trerntcwl-
971 5234 978 5306 ι
1009 5235 1250 5303 ’ironicum
