3998 6100
723 531 843 582 elenu
869 533 971 583 villu
998 533 1231 582 neutrorum

953 758 987 819 C.

669 966 783 1028 Poeno
803 966 1042 1027 homicidarum
1068 985 1111 1027 ce
1135 968 1286 1027 avaritia.

245 1169 321 1234 fl8.
338 1171 378 1232 Et
395 1171 497 1232 etiam
514 1172 618 1232 alium
636 1172 746 1249 ignem
761 1173 843 1250 vidi,
862 1174 896 1234 in
911 1190 978 1251 quo
994 1173 1059 1236 duo
1076 1173 1212 1234 maximi
1229 1178 1263 1234 et
1279 1171 1453 1233 horribilis
1471 1169 1598 1232 formae
1615 1184 1747 1230 vermes

198 1280 307 1352 erant,
332 1276 390 1353 qui
413 1276 568 1338 eumdem
592 1278 702 1354 ignem
725 1282 760 1338 et
784 1277 913 1338 animas
937 1293 1024 1354 quae
1042 1278 1075 1338 in
1091 1293 1130 1338 eo
1147 1275 1396 1352 cruciabantur,
1414 1274 1550 1338 flatibus
1568 1273 1639 1334 suis
1656 1269 1749 1332 affla-

198 1380 290 1442 bunt.
314 1380 452 1442 Animae
476 1389 588 1445 autem
612 1396 698 1459 quae
723 1381 758 1444 in
773 1381 972 1459 corporibus
990 1382 1061 1443 suis
1078 1388 1217 1459 propter
1233 1381 1411 1442 avaritiam
1428 1379 1645 1441 homicidium
1663 1376 1749 1438 fece-

199 1487 287 1560 rant,
311 1483 345 1543 in
361 1484 436 1561 igne
453 1483 518 1545 isto
543 1483 716 1560 ardebant,
740 1491 775 1545 et
799 1485 841 1546 ab
858 1485 978 1546 iisdem
996 1484 1169 1546 vermibus
1186 1483 1432 1561 affligebantur.
1455 1482 1596 1560 Propter
1612 1479 1750 1542 homici-

199 1584 293 1646 dium
310 1587 433 1664 quippe
450 1587 571 1664 ignem,
589 1593 623 1649 ct
639 1593 777 1666 propter
792 1590 971 1650 avaritiam
987 1605 1120 1650 vermes
1137 1590 1216 1649 illos
1231 1587 1454 1650 sustinebant.

951 1797 1001 1858 CI.

547 2008 659 2069 Poeno
674 2024 789 2068 eorum
803 2009 861 2087 qui
877 2006 1080 2081 occiderunt,
1098 2025 1140 2066 ne
1157 2007 1396 2068 occiderentur.

243 2213 320 2276 tle.
346 2215 419 2276 Vidi
435 2231 568 2294 quoque
585 2215 717 2278 foveam
733 2218 836 2277 latam
859 2221 893 2278 et
917 2214 1129 2293 profundam,
1155 2231 1241 2292 quae
1268 2214 1417 2276 fervente
1442 2215 1515 2292 pice
1532 2219 1567 2275 et
1585 2213 1747 2291 sulphure

197 2318 298 2394 plena
320 2325 404 2395 erat,
430 2324 465 2380 et
488 2319 579 2381 cinea
602 2335 703 2397 quam
726 2335 829 2381 ranae
851 2324 886 2381 et
909 2319 1104 2396 scorpiones
1125 2319 1293 2395 iacebant3
1319 2319 1377 2395 qui
1399 2317 1588 2392 animabus,
1612 2317 1750 2394 quaein

198 2418 318 2480 eadem
343 2420 440 2482 fovea
464 2422 718 2500 torquebantur,
744 2428 908 2484 terrorem
933 2423 1149 2496 incutiebant,
1174 2437 1236 2486 nec
1257 2427 1369 2487 tamen
1389 2437 1449 2481 eas
1465 2421 1651 2482 laedebant.
1668 2419 1753 2482 Nam

197 2523 331 2585 animae
356 2526 501 2602 illorum,
527 2527 585 2604 qui
609 2543 646 2587 se
671 2527 866 2589 invadentes
889 2532 1012 2590 conatu
1035 2543 1154 2603 magno
1175 2526 1379 2601 occiderant,
1397 2541 1438 2586 na
1454 2525 1699 2599 occiderentur,
1718 2523 1752 2584 in

199 2625 265 2688 hac
289 2625 385 2690 lovea
409 2627 555 2706 fuerunt,
580 2636 615 2694 ct
638 2630 681 2692 ob
705 2631 922 2692 homicidium
945 2629 1035 2707 quod
1058 2629 1122 2690 hoc
1146 2629 1244 2691 modo
1268 2634 1556 2706 perpetraverant,
1583 2627 1751 2690 fervorem

200 2729 280 2805 ejus.
292 2731 515 2808 sustinebant;
533 2738 567 2794 et
584 2731 626 2795 ob
643 2735 806 2811 impetum
822 2735 855 2794 in
871 2750 937 2812 quo
954 2735 988 2794 in
1004 2734 1065 2796 illo,
1078 2734 1321 2795 incontinentes
1338 2737 1445 2807 erant,
1463 2733 1538 2809 pice
1561 2731 1751 2798 inficieban-

201 2836 269 2908 tur3
286 2838 320 2894 et
336 2833 379 2895 ob
397 2835 658 2911 indignationem
678 2853 780 2914 quam
801 2836 870 2898 illis
894 2837 928 2896 in
951 2836 1120 2898 occisione
1144 2836 1339 2912 intulerunt,
1365 2835 1527 2912 sulphure
1550 2835 1753 2911 torquebam

201 2939 267 2998 tur.
285 2933 347 2995 Sed
362 2941 397 2997 et
412 2937 492 3014 quia
508 2953 545 2998 se
561 2939 776 3000 incursantes
793 2938 990 3017 praevenire
1013 2939 1145 3000 insidiis
1170 2938 1423 3014 festinaverant,
1442 2938 1476 2999 in
1497 2937 1655 3000 cordibus
1680 2937 1753 3002 suis

200 3039 362 3104 dicentes:
383 3041 482 3117 ‹ago
499 3047 532 3103 te
549 3044 711 3119 occidam,
731 3050 910 3120 antequam
927 3049 996 3104 ate
1013 3043 1120 3104 occidi
1136 3045 1292 3121 patiar»,
1310 3045 1466 3104 timorem
1482 3061 1502 3104 a
1519 3042 1752 3120 scorpionibus

201 3140 381 3219 habebant
400 3149 434 3205 et
449 3146 529 3222 quia
545 3145 608 3208 hoc
625 3147 659 3207 in
675 3147 898 3210 amaritudine
914 3147 1069 3214 cordium
1086 3163 1225 3214 suorum
1241 3145 1401 3224 fecerant,
1420 3146 1594 3208 horrorem
1615 3166 1635 3209 a
1659 3147 1750 3214 ranis

202 3246 426 3309 sustinebant.

943 3465 1007 3524 cll.

650 3673 764 3734 Poena
785 3672 1026 3734 aeneidarum
1049 3691 1091 3732 ee
1116 3675 1316 3751 muorctttio.

249 3869 324 3934 luo.
342 3873 405 3936 Sed
421 3880 455 3936 ct
471 3875 540 3938 vidi
557 3877 735 3954 quemdam
753 3880 887 3956 igneum
904 3895 1027 3954 aerem,
1046 3879 1102 3957 qui
1120 3879 1301 3958 aquodam
1317 3885 1416 3940 vento
1435 3880 1497 3940 hac
1513 3887 1546 3942 et
1563 3881 1645 3941 illac·
1662 3896 1750 3940 com-

199 3978 412 4056 movebatur,
429 3985 463 4040 et
478 3980 512 4042 in
528 3982 593 4042 isto
610 3983 741 4044 animae
758 3983 892 4046 illorum
907 3990 1014 4059 erant,
1032 3985 1090 4061 qui
1106 4000 1167 4061 per
1183 3985 1406 4060 ignorantiam
1423 3984 1639 4046 homicidium
1664 3984 1749 4046 fece-

201 4086 291 4156 rant,
308 4087 343 4142 et
359 4081 441 4144 illud
456 4100 517 4160 pro
540 4083 645 4147 nihilo
670 4083 866 4148 habuerant.
891 4085 975 4158 Quia
998 4087 1087 4148 enim
1104 4086 1284 4148 homicidio
1301 4102 1412 4147 aerem
1429 4088 1748 4165 contaminaverant,

203 4185 238 4246 in
253 4186 349 4264 igneo
366 4204 445 4251 aare
466 4189 610 4267 fuerunt;
628 4197 670 4252 et
693 4192 773 4269 quia
797 4191 860 4254 hoc
885 4192 1177 4270 parvipenderant,
1203 4194 1460 4256 commotionem
1485 4194 1636 4272 ejusdem
1659 4197 1750 4262 venti

203 4291 426 4369 patiebantur.
1767 4289 1768 4294 ἵ

938 4504 1021 4567 ΟΙΙῙ.

797 4713 912 4778 Poeno
933 4717 1161 4798 veneficorum.

250 4919 326 4986 lif.
344 4922 468 4986 Deinde
483 4937 641 5003 magnum
658 4932 691 4986 et
709 4925 902 4989 rutilantem
920 4925 1030 5002 ignem
1046 4925 1126 5001 vidi,
1145 4926 1179 4988 in
1195 4941 1261 5004 quo
1274 4925 1410 5003 quidam
1427 4920 1584 4986 horrendi
1600 4939 1744 4999 vermes,

201 5043 263 5090 ora
279 5036 316 5090 ut
332 5031 426 5107 porci
442 5029 614 5107 habentes,
625 5029 778 5106 fuerunt,
796 5031 853 5108 qui
870 5030 1023 5092 eumdem
1041 5030 1150 5107 ignem
1166 5035 1274 5093 totum
1290 5028 1556 5105 commovebant3
1575 5034 1608 5091 et
1625 5029 1659 5090 in
1675 5029 1750 5106 igne

202 5126 269 5191 isto
286 5132 416 5194 animae
433 5134 568 5196 illorum
584 5141 690 5212 erant,
709 5135 765 5212 qui
783 5135 862 5196 dum
880 5136 913 5196 in
929 5134 1127 5212 corporibus
1145 5135 1216 5194 suis
1242 5132 1398 5206 fuissent,
1416 5133 1501 5194 alios
1520 5133 1670 5196 homines
1694 5149 1749 5216 ve-
