3992 6092
844 549 870 594 S.
896 549 1166 598 HILDEGARDIS

965 771 1068 830 LXVI.

829 979 874 1038 De
899 979 986 1037 malo
1014 980 1205 1056 impietatis.

241 1227 245 1238 ·
281 1186 334 1248 78.
352 1187 513 1264 Impietas
530 1187 618 1248 enim
636 1185 789 1248 timorem
806 1184 865 1246 Dei
882 1202 947 1246 non
963 1186 1036 1246 vult
1052 1192 1085 1246 et
1102 1185 1301 1246 charitatem
1317 1184 1377 1246 Dei
1395 1183 1514 1260 nescit,
1533 1199 1594 1245 nec
1611 1181 1738 1260 aliquid
1756 1182 1791 1241 in

232 1291 347 1353 divina
370 1293 495 1352 virtute
520 1295 691 1366 operatur,
716 1289 775 1351 sed
801 1291 834 1350 in
856 1289 1011 1350 omnibus
1035 1290 1194 1366 operibus
1211 1290 1281 1350 suis
1306 1288 1348 1350 ad
1365 1289 1562 1367 Aquilonem
1582 1287 1730 1364 respicit,
1748 1301 1789 1345 ac

232 1397 344 1458 omnia
359 1411 462 1472 opera
485 1411 545 1458 sua
565 1396 597 1458 ln
616 1396 739 1458 malam
758 1395 933 1456 scientiam
950 1394 1126 1471 dispergit,
1140 1397 1174 1454 et
1191 1393 1446 1455 maledictiones
1463 1409 1538 1456 cum
1557 1393 1693 1454 nutibus
1709 1407 1790 1452 oce-

235 1504 343 1563 lorum
369 1504 402 1562 in
427 1503 636 1578 malignitate
660 1501 799 1578 profert.
825 1500 917 1562 Unde
941 1500 981 1561 de
1006 1501 1234 1562 imitatoribus
1258 1499 1331 1576 ejus
1353 1515 1412 1573 per
1428 1497 1644 1575 prophetam,
1661 1495 1792 1570 Spiritu

236 1621 309 1668 meo
327 1606 539 1683 inspiratum,
559 1605 692 1668 dialtur:

950 1813 1070 1874 LXVII.

791 2023 896 2084 David
919 2023 962 2082 ed
986 2023 1135 2084 eamdem
1160 2041 1241 2082 rem.

280 2227 332 2290 79.
359 2226 434 2290 Fiat
459 2228 617 2290 babt'tatio
641 2247 755 2290 eorum
779 2231 925 2301 deserta,
950 2235 981 2290 et
1006 2232 1042 2289 in
1067 2228 1290 2290 tabernaculis
1314 2247 1428 2290 aarum
1452 2246 1520 2290 non
1546 2231 1588 2289 st't
1612 2231 1671 2307 qui
1694 2230 1790 2289 iuba·

233 2329 312 2392 bitot
335 2326 370 2412 ¹).
395 2330 488 2405 Quod
517 2333 621 2394 etiam
639 2333 688 2392 sic
706 2332 958 2409 intelligendum
981 2339 1043 2394 est.
1062 2333 1256 2410 impiorum,
1274 2334 1332 2410 qui
1349 2332 1437 2393 bona
1450 2348 1517 2394 non
1534 2333 1708 2408 colligunt,
1727 2330 1784 2391 sed

233 2434 443 2514 dispergunt,
475 2437 533 2498 liat
557 2437 725 2513 voluntas,
744 2453 845 2514 quam
861 2455 922 2515 pro
948 2453 1068 2499 secura
1085 2437 1291 2499 habitatione
1308 2436 1444 2516 babent,
1464 2438 1497 2498 in
1513 2437 1787 2510 destructionem,

233 2538 282 2600 ita
305 2540 393 2617 quod
417 2541 551 2602 omnino
580 2541 777 2618 dissipetur,
804 2541 884 2618 quia
908 2542 1106 2618 magnarum
1131 2547 1166 2602 et
1190 2541 1255 2604 sibi
1280 2542 1489 2619 superiorem
1513 2542 1641 2618 nolunt,
1659 2543 1694 2601 et
1709 2539 1789 2616 quia

234 2643 337 2704 etiam
362 2643 427 2705 sibi
452 2645 662 2707 consimilem
687 2662 753 2706 non
777 2645 962 2723 patientum
989 2647 1048 2708 sed
1072 2663 1160 2724 quae
1183 2647 1330 2725 capiunt,
1356 2647 1422 2708 sibi
1438 2645 1631 2722 adtrabunt,
1648 2649 1683 2706 et
1699 2659 1787 2721 quae

234 2747 366 2824 nolunt,
393 2749 605 2824 conculcant,
625 2750 672 2810 ita
688 2749 777 2827 quod
793 2750 895 2812 etiam
915 2751 948 2811 in
964 2752 1109 2828 spirrtali
1127 2751 1248 2828 gaudio
1265 2767 1330 2811 non
1347 2750 1506 2827 psallunt;
1524 2755 1558 2810 et
1575 2749 1662 2827 quod
1680 2747 1791 2808 chari·

235 2851 342 2911 tatem
364 2851 537 2928 derident,
562 2858 596 2914 et
612 2854 701 2931 quod
717 2854 903 2916 bonitatem
919 2855 1095 2932 abnegant,
1113 2861 1147 2915 et
1164 2855 1252 2932 quod
1267 2852 1293 2933 ²)
1311 2853 1577 2916 benedictionem
1594 2853 1736 2930 lugiunt,
1754 2857 1788 2911 et

236 2953 465 3017 maledictioni
483 2973 518 3018 se
535 2957 750 3036 conjungunt.
767 2958 858 3022 Unde
874 2959 909 3018 in
926 2959 1152 3020 tabernaculis
1169 2959 1333 3019 malarum
1352 2957 1630 3019 consuetudinum
1644 2958 1787 3018 istarum

235 3073 302 3117 non
318 3058 364 3118 sit
380 3059 438 3137 qui
455 3059 594 3138 habitet,
613 3063 771 3139 quoniam
788 3064 831 3124 eb
847 3062 896 3122 eis
913 3061 1105 3138 declinabit,
1125 3063 1183 3140 qui
1200 3077 1345 3138 superna
1362 3062 1578 3123 tabernacula
1594 3059 1717 3121 habere
1733 3059 1790 3118 de-

235 3160 378 3238 siderat3
405 3163 448 3226 ab
464 3165 577 3242 impiis
594 3167 682 3228 enim
701 3167 873 3228 beatitudo
891 3166 999 3226 aliena
1016 3169 1079 3241 est,
1098 3167 1178 3243 quie
1195 3167 1261 3242 ipsi
1279 3166 1377 3226 oculo
1394 3165 1554 3226 scientiae
1570 3164 1657 3224 bona
1672 3177 1789 3238 gerere

235 3281 303 3326 non
323 3272 499 3344 quaerunt,
518 3269 576 3332 sed
592 3285 654 3348 per
670 3286 772 3347 opera
789 3287 851 3332 sua
867 3271 908 3330 ad
925 3270 1101 3335 Diabolum
1118 3270 1319 3346 respiciunt,
1339 3274 1373 3328 et
1384 3267 1486 3328 Deum
1508 3270 1731 3329 contemnunt.
1749 3265 1789 3326 Et

239 3369 315 3434 ideo
340 3385 443 3447 opera
466 3389 553 3451 quae
577 3381 778 3452 operantur,
803 3382 837 3436 et
865 3375 1079 3438 fundamenta
1103 3391 1189 3452 quaa
1212 3379 1355 3452 ponunt,
1380 3373 1603 3448 Deusnesoit,
1622 3371 1788 3434 sedeant

236 3477 388 3535 stercora
412 3475 538 3552 abjicit.
563 3469 589 3556 ³)
614 3478 695 3540 Nam
721 3478 754 3538 in
778 3479 1040 3556 cogitationibus
1058 3479 1130 3540 suis
1147 3479 1229 3540 illud
1246 3479 1466 3552 constituunt,
1488 3475 1577 3553 quod
1595 3475 1714 3550 Legem
1729 3473 1789 3536 Dei

234 3577 430 3654 destituant,
455 3585 489 3640 et
513 3580 603 3658 quod
626 3583 798 3658 propriam
815 3585 1022 3646 voluntatem
1040 3599 1135 3644 suam
1155 3583 1189 3643 in
1205 3583 1361 3644 omnibus
1378 3582 1561 3660 perficiant.
1580 3583 1790 3663 Quapropter

235 3678 292 3740 lux
316 3681 473 3743 veritatis
491 3683 524 3742 in
540 3686 802 3748 necessitatibus
819 3702 934 3748 eorum
955 3687 1038 3762 ipsis
1056 3683 1285 3762 abstrahatur,
1302 3681 1326 3764 ⁴)
1344 3687 1501 3764 quoniam
1518 3701 1591 3746 eam
1608 3700 1674 3746 non
1690 3699 1792 3762 quae-

236 3786 376 3863 sierunt,
394 3804 455 3850 nec
472 3790 661 3867 voluerunt,
681 3790 740 3851 sed
754 3793 786 3851 in
800 3793 919 3852 umbra
937 3791 1056 3851 mortis
1073 3805 1133 3866 per
1150 3805 1253 3868 opera
1270 3806 1331 3850 sua
1348 3789 1575 3866 ambulabant;
1592 3784 1616 3868 ⁵)
1634 3805 1673 3849 ac
1691 3789 1792 3848 idcir-

234 3905 275 3951 co
292 3892 454 3969 recipient
470 3893 559 3970 quod
577 3895 793 3971 quaerebant,
813 3902 847 3956 et
865 3895 1035 3958 habebunt
1051 3893 1140 3972 quod
1158 3892 1407 3970 desiderabant,
1425 3895 1505 3970 quia
1522 3894 1554 3953 in
1571 3909 1687 3954 casum
1704 3909 1790 3968 quae

236 3989 473 4073 sequebantur,
489 3992 513 4077 ⁸)
533 3999 636 4074 ibant,
654 4000 711 4061 ubi
728 3999 833 4061 Deum
849 3999 1110 4076 dereliquerunt.
1124 3999 1186 4071 Qui
1203 4004 1314 4059 autem
1332 3997 1435 4058 Deum
1453 3997 1607 4074 diligunt,
1631 3998 1791 4072 pietatem

240 4095 307 4156 sibi
320 4097 505 4175 attrahunt,
520 4101 554 4160 in
567 4119 632 4177 qna
644 4101 711 4163 Deo
725 4104 868 4177 pleniter
880 4103 1119 4167 adhaerebunt.
1130 4100 1220 4164 Haec
1233 4107 1345 4164 autam
1359 4101 1399 4160 de
1412 4101 1652 4176 poenitentium
1666 4101 1792 4161 anima-

236 4197 300 4260 bus
317 4202 500 4278 purgandis
517 4209 551 4263 et
568 4205 739 4266 salvandis
762 4207 852 4266 dicta
877 4211 966 4282 sunt,
985 4212 1019 4267 et
1034 4205 1148 4267 fidelia
1167 4209 1257 4281 sunt,
1274 4211 1309 4266 et
1325 4203 1434 4266 fidelis
1453 4204 1504 4264 his
1522 4204 1683 4278 attendat,
1701 4210 1734 4264 et
1751 4220 1792 4264 ea

236 4301 271 4362 in
288 4303 485 4366 memoriam
502 4305 608 4367 bonae
627 4308 788 4368 scientiae
805 4314 992 4385 componat.

279 4408 332 4470 80.
358 4411 451 4474 Alios
467 4428 600 4489 quoque
617 4413 767 4489 ejusdem
786 4415 1011 4476 multitudinis
1030 4417 1175 4490 spiritus
1191 4415 1272 4491 vidi,
1295 4414 1354 4492 qui
1371 4429 1487 4474 omnes
1505 4429 1623 4489 magno
1640 4413 1789 4474 clamore

233 4514 509 4580 vociferabantur
531 4517 693 4579 dieentes:
722 4518 872 4582 «Sedent
895 4519 1027 4582 Domini
1043 4521 1162 4596 nostri,
1181 4520 1239 4597 qui
1256 4518 1388 4580 Lucifer
1405 4523 1469 4594 est,
1488 4533 1590 4594 supra
1607 4518 1719 4580 sidera
1736 4517 1788 4576 vi-

237 4621 438 4696 ›debimus,
463 4627 498 4683 et
521 4623 676 4684 altiorem
700 4625 866 4702 omnibus,
892 4627 970 4704 quia
994 4625 1156 4705 quidquid
1181 4626 1337 4701 voluerit,
1365 4625 1432 4686 flet.
1454 4623 1495 4685 Et
1518 4625 1594 4702 quis
1612 4624 1643 4684 ei
1661 4623 1785 4684 similis

238 4725 389 4786 periti»
416 4727 476 4787 lsti
500 4744 644 4804 namque
668 4735 784 4790 contra
808 4729 964 4790 thronum
989 4730 1048 4790 Dei
1071 4737 1105 4791 et
1129 4736 1247 4792 contra
1271 4729 1431 4789 honorem
1452 4727 1526 4804 eius
1554 4726 1785 4812 blasphemias

232 4829 401 4904 emittunt,
427 4835 460 4890 et
483 4833 603 4893 oculus
629 4833 804 4908 superbiae
830 4839 918 4910 sunt;
945 4841 979 4894 et
993 4841 1028 4896 ut
1046 4833 1197 4895 homines
1214 4833 1398 4896 mendaciis
1415 4839 1449 4894 et
1465 4833 1686 4910 blasphemiis
1705 4833 1789 4892 insi-

238 4937 340 5008 stant,
358 4934 593 4998 exhortantur.

272 5101 987 5180 ¹)l’s.LXVlll,26.--²tqoodom.Win2.et
1033 5107 1112 5164 betur
1126 5107 1160 5162 Α.
1183 5109 1256 5174 -il
1275 5105 1462 5164 ambulabili.
1484 5137 1518 5148 -
1541 5107 1563 5172 ⁶)
1583 5103 1692 5176 aliquid
1710 5103 1792 5161 deest

237 5191 261 5240 a.
279 5185 347 5242 loco.
367 5217 396 5226 -
410 5189 432 5270 ἦ)
446 5197 559 5248 stercore
573 5192 619 5255 W,
634 5193 733 5266 adjicit
747 5190 778 5248 t.
796 5224 827 5232 —-
842 5193 863 5260 ⁴)
882 5195 987 5251 subtra—
1035 5197 1084 5248 ant
1099 5193 1181 5248 latet.
