3992 6092
866 517 892 562 S.
923 515 1199 566 ultusonttuts

968 739 1077 800 xxlll.

588 943 811 1022 Sanctificatio
835 945 869 1002 iu
895 947 998 1003 ueteri
1026 949 1057 1003 ct
1083 947 1118 1004 iu
1143 964 1223 1005 ricco
1252 947 1465 1018 Testamenta.

294 1156 348 1216 32.
373 1153 437 1214 Sed
460 1152 526 1227 ala,
544 1165 630 1227 quae
654 1149 696 1210 ad
713 1153 831 1225 pectus
849 1150 956 1226 ipsius
980 1154 1043 1227 est,
1063 1153 1096 1211 in
1113 1155 1307 1215 summitate
1324 1157 1548 1217 extremitatis
1565 1173 1646 1218 suae
1663 1161 1696 1218 in
1712 1160 1798 1221 duas

250 1263 364 1338 partes
384 1257 594 1333 aliquantum
611 1254 721 1313 divisa
744 1257 808 1328 est,
826 1255 984 1331 quoniam
1008 1257 1173 1331 protectio
1191 1264 1342 1318 secretae
1366 1259 1606 1335 profunditatis
1622 1256 1644 1340 ¹)
1672 1263 1704 1322 in
1719 1271 1797 1324 ortu

250 1361 405 1439 principii
423 1359 535 1420 suiad
552 1361 650 1417 vetus
667 1360 700 1416 et
716 1357 758 1416 ad
774 1373 896 1417 novum
919 1359 1169 1420 Testamentum
1186 1362 1375 1436 inclinatur,
1394 1378 1470 1423 cum
1487 1366 1560 1425 veri
1576 1365 1743 1440 doctores,
1761 1367 1797 1426 in

248 1466 421 1543 prophetis
434 1470 468 1524 et
485 1463 519 1522 in
530 1461 720 1535 Evangelio,
733 1461 765 1521 ln
779 1461 930 1536 mysticis
943 1463 1057 1522 verbis
1072 1465 1213 1539 mystica
1226 1467 1386 1540 mysteria
1401 1467 1635 1544 multiplicant;
1647 1469 1692 1529 ita
1705 1469 1795 1545 quod

243 1573 347 1631 etiam
364 1572 398 1630 in
413 1571 519 1630 veteri
537 1567 622 1644 Lege
638 1567 784 1626 diuersis
807 1567 1097 1643 purificationibus
1122 1571 1212 1629 terra
1231 1570 1378 1630 exterius
1403 1573 1584 1632 carnaliter
1608 1571 1796 1633 sanctitica-

246 1673 356 1747 batur,
375 1673 408 1732 in
423 1687 509 1731 nova
525 1672 636 1731 autem
653 1685 713 1745 per
729 1669 848 1729 Filium
865 1669 936 1744 Dei,
955 1672 1085 1731 coelum
1098 1672 1212 1732 multis
1226 1675 1260 1732 et
1275 1674 1381 1733 variis
1397 1673 1561 1749 prodigiis
1574 1676 1743 1735 rectarum
1759 1681 1795 1738 et

243 1776 470 1852 spiritualium
484 1774 762 1851 Justificationum
779 1773 993 1835 clarificatur.

931 1983 1057 2045 XXIIII.

728 2201 775 2260 Dc
800 2201 1050 2260 circumcisione
1075 2203 1106 2258 et
1130 2197 1299 2277 baptismo.

284 2413 338 2475 33.
362 2411 402 2472 Et
418 2422 497 2488 pars
521 2409 628 2469 altera
645 2407 687 2468 ad
704 2409 792 2468 alam
809 2408 994 2482 sinistram,
1021 2410 1054 2468 et
1070 2425 1149 2484 pars
1167 2410 1272 2470 altera
1290 2410 1331 2469 ad
1346 2410 1436 2470 alam
1452 2409 1604 2471 dextram
1621 2429 1657 2473 se
1674 2429 1788 2475 recur-

233 2521 303 2593 vat,
321 2518 400 2595 quia
413 2517 517 2577 vetus
527 2514 777 2574 Testamentum
793 2513 835 2571 ad
848 2511 1077 2572 defensionem
1091 2519 1301 2573 terrenorum
1317 2513 1517 2589 declinabat,
1532 2531 1656 2576 novum
1673 2520 1785 2578 autem

233 2625 274 2686 ad
292 2622 533 2701 protectionem
557 2618 756 2678 coelestium
773 2617 918 2693 anhelat;
937 2633 1014 2677 cum
1031 2618 1159 2695 antiqui
1184 2619 1218 2678 in
1235 2619 1491 2678 circumcisione
1515 2620 1709 2681 carnalibus
1727 2622 1786 2682 ad-

233 2726 428 2799 haerebant,
446 2722 561 2783 tideles
577 2737 658 2781 vero
674 2736 734 2797 per
750 2720 872 2780 Filium
884 2719 943 2779 Dei
957 2721 991 2780 in
1007 2721 1174 2798 baptismo
1193 2723 1327 2799 spiritui
1344 2722 1548 2782 deserviunt.
1563 2723 1626 2782 Sed
1644 2724 1692 2784 illi
1708 2742 1786 2801 pro-

232 2837 309 2908 pter
332 2827 602 2890 observationem
628 2825 762 2884 illorum
776 2823 950 2899 justificati
974 2841 1038 2884 non
1064 2830 1153 2900 sunt,
1180 2826 1236 2886 isti
1261 2827 1392 2886 veroin
1416 2826 1685 2887 emundationem
1703 2828 1785 2889 isto-

232 2950 307 2994 rum
334 2948 394 3010 per
424 2931 522 2991 tldem
550 2928 676 2991 Christi
706 2944 886 3003 supernam
914 2929 1216 2990 remunerationem
1246 2929 1355 3005 adepti
1382 2932 1471 3002 sunt,
1500 2929 1781 3005 quemadmodum

228 3038 333 3098 etiam
350 3036 473 3096 Paulus
489 3033 664 3110 apostolus
680 3032 772 3092 dicit:

948 3242 1038 3302 XXV.

553 3451 643 3526 Quod
667 3455 760 3513 homo
785 3468 851 3512 nou
867 3447 1076 3532 justificatur
1100 3473 1141 3514 ea
1166 3452 1317 3532 operibus
1344 3456 1447 3533 Legis.

272 3663 326 3727 34.
352 3665 500 3727 secuto
524 3669 637 3723 autem
653 3664 739 3740 quod
755 3679 822 3722 uon
833 3657 1038 3743 justificatur
1053 3667 1147 3724 homo
1163 3681 1205 3723 ea
1222 3663 1374 3741 operibus
1393 3664 1502 3740 Legis,
1520 3664 1587 3722 uisi
1600 3681 1663 3740 per
1678 3663 1777 3742 fidem

227 3769 303 3830 Iesu
322 3769 457 3839 Christi,
475 3773 506 3828 et
523 3785 581 3828 uos
598 3770 634 3827 iu
654 3769 781 3829 Christo
798 3768 875 3828 Iesu
891 3769 1071 3839 credimus,
1088 3773 1125 3827 ut
1137 3763 1361 3848 justificemur
1378 3787 1420 3828 ea
1433 3767 1495 3848 yide
1511 3768 1643 3843 Christi,
1657 3775 1690 3827 et
1708 3785 1775 3827 nou

220 3873 439 3954 exoperibus
466 3876 571 3951 Lagis.
588 3869 613 3952 ²)
641 3873 744 3948 Cujus
770 3889 890 3934 sensus
915 3873 992 3933 talis
1016 3876 1077 3933 est.
1104 3872 1218 3934 Gratia
1242 3871 1300 3932 Dei
1318 3873 1560 3948 subjectionem
1576 3871 1691 3948 populi
1708 3887 1770 3946 per

222 3975 383 4054 Spiritum
400 3976 557 4038 Sanctum
574 3978 710 4052 invenit,
728 3979 807 4054 quia
824 3979 939 4054 lapsus
955 3977 1046 4036 Adae
1069 3977 1199 4036 animas
1214 3975 1383 4052 justorum
1399 3975 1624 4051 mortificavit,
1643 3977 1676 4036 ei
1695 3975 1768 4034 ideo

220 4079 323 4140 etiam
339 4080 465 4156 digitus
481 4080 539 4140 liei
565 4081 684 4156 Legem
701 4097 761 4158 per
785 4083 917 4157 Moysen
935 4080 1081 4156 scripsit.
1100 4080 1182 4140 Nam
1207 4096 1285 4140 caro
1302 4081 1427 4142 violata
1450 4080 1610 4141 violatam
1633 4095 1769 4140 carnem

221 4181 366 4243 liberare
382 4199 448 4244 non
463 4185 583 4259 potuit,
602 4186 758 4260 quoniam
776 4185 901 4246 violata
919 4184 991 4244 luit.
1009 4183 1100 4244 Unde
1116 4183 1276 4244 Dominus
1297 4185 1401 4260 Moysi
1421 4200 1482 4260 per
1497 4185 1617 4259 Legem
1635 4198 1771 4260 praece-

220 4285 282 4361 pit,
300 4289 338 4347 ut
353 4285 504 4347 homines
521 4287 634 4348 hircos
650 4291 684 4348 et
701 4291 815 4349 tauros
833 4287 866 4347 in
881 4287 1086 4362 subjectione
1099 4287 1307 4348 obedientiae
1325 4287 1387 4363 ipsi
1403 4287 1641 4362 sacrificarent,
1656 4303 1771 4363 quem-

257 4477 279 4544 ¹)
292 4479 476 4552 Expendatur
494 4479 626 4550 diligenti
648 4480 746 4538 lectari
767 4487 796 4536 et
812 4479 975 4537 conteratur
1017 4479 1153 4536 stamenti
1168 4486 1313 4552 respectus
1329 4497 1360 4538 ac
1378 4480 1542 4552 prophetica
1558 4481 1683 4542 oracula.
1696 4495 1770 4548 quae

221 4562 292 4620 haec
306 4570 435 4640 metretis
453 4573 567 4624 uacuo
582 4569 794 4640 mosuuditotis.
811 4570 871 4621 tum
890 4582 973 4639 supra
1016 4568 1141 4639 priscum
1156 4567 1254 4624 foedus
1273 4569 1420 4626 insudabat
1433 4567 1558 4636 (active),
1575 4573 1605 4622 et
1619 4566 1706 4622 veluti
1723 4582 1768 4620 ro-

220 4664 248 4704 n.
265 4653 299 4704 26
312 4669 361 4724 per
372 4669 481 4708 mnam
498 4657 672 4725 protectionis
683 4669 759 4715 auae,
779 4658 808 4708 et
822 4668 849 4709 n.
866 4658 897 4709 :tl
909 4673 974 4728 pia
1017 4652 1056 4708 ris
1075 4653 1165 4708 instar
1182 4653 1344 4710 messianici
1364 4649 1538 4714 effundebat,
1559 4659 1588 4708 et
1606 4653 1765 4718 anhelabat,

216 4741 295 4794 tactio
312 4741 484 4812 propheticae
502 4742 708 4802 adiuuitioais,
730 4746 790 4794 tum
803 4739 878 4796 intra
892 4757 920 4797 n.
936 4747 970 4798 33
1015 4753 1103 4808 quum
1117 4737 1294 4812 patriarchae
1310 4738 1385 4793 diem
1400 4737 1506 4794 Christi
1522 4738 1617 4796 videre
1629 4743 1767 4811 optabant

216 4843 316 4882 uocum
329 4825 551 4892 (Testamentum
568 4826 654 4897 quodi
668 4825 705 4881 ad
714 4831 903 4900 probauerunt
915 4845 971 4884 eae·
1013 4833 1042 4882 et
1055 4825 1224 4896 gaudebant.
1238 4827 1373 4883 Proiectis
1385 4825 1473 4896 igitur
1483 4831 1511 4882 et
1523 4828 1643 4899 desertam
1654 4827 1767 4884 ridetur

215 4913 323 4966 testium
334 4912 456 4973 anhelat,
471 4916 500 4968 et
514 4927 541 4966 a.
558 4915 591 4966 ³5
605 4913 717 4968 divinae
732 4915 907 4984 probotionis
923 4931 970 4968 ra·
1013 4911 1128 4985 provida
1142 4911 1240 4969 Sancti
1260 4911 1385 4984 Spiritus
1400 4911 1574 4974 oeconomia,
1591 4927 1646 4982 qua
1661 4915 1765 4969 veteris

215 4997 370 5057 tioualttaa
385 5001 470 5066 atque
483 5011 510 5052 n.
527 5001 560 5052 {td
573 4997 750 5053 rationalitas
760 5001 791 5052 iu
802 5001 886 5053 veteri
900 4999 968 5070 lopo
1011 4996 1185 5053 Testamenti
1199 5012 1299 5054 arcana
1316 4997 1350 5050 ad
1371 4997 1437 5051 nori
1451 4997 1585 5069 mysteria
1600 4997 1766 5066 diriguntur

211 5099 261 5154 per
273 5083 398 5136 divinam
415 5083 594 5140 termonem
606 5087 710 5155 mysni:
723 5101 757 5138 ex
770 5083 876 5156 quihus
891 5084 966 5139 inter
1009 5091 1037 5140 et
1051 5088 1199 5140 serrantur
1212 5083 1406 5150 intelligenda.
1422 5115 1452 5124 —
1466 5085 1488 5148 ²)
1501 5083 1562 5138 Cal.
1579 5083 1617 5146 ll.
1634 5089 1675 5139 to.

213 5167 294 5239 plura
318 5165 492 5236 exprimitur
515 5175 631 5224 mutuus
653 5168 754 5224 veteris
776 5175 804 5225 ct
825 5169 891 5224 nori
913 5169 963 5224 Tc·
1206 5161 1208 5164 ’
