3992 6092
288 519 332 582 60

306 651 431 719 XXXII.
457 657 550 731 Quod
572 657 734 734 mysteria
755 657 875 715 veteris
896 655 1004 718 Testa·

261 765 366 822 menti
387 763 571 842 prudentes
587 762 735 822 homines
759 766 874 821 contra
891 757 1005 818 Diabo-

264 865 336 926 lum
349 873 487 945 parant,
505 885 567 926 nec
583 864 621 925 ab
634 869 691 927 lioc
709 866 887 936 desistent,
903 864 1005 924 donec

262 973 361 1033 corda
376 990 436 1030 sua
452 971 617 1048 repleant.

307 1073 446 1136 XXXIII.
466 1074 572 1134 David
587 1073 631 1132 ad
647 1071 798 1133 eamdem
814 1091 895 1132 rem.

306 1176 461 1238 XXXIIII.
488 1177 580 1251 Quod
606 1177 749 1254 plurimi
772 1182 849 1236 ante
869 1177 1002 1254 Lepem,

257 1280 464 1358 plurimique
489 1282 526 1339 in
544 1281 643 1356 Lepe,
665 1279 873 1356 plurimique
891 1277 935 1337 ‘in
950 1275 1004 1335 ba·
1029 1347 1033 1358 ⁸

257 1383 381 1458 ptismo
395 1382 629 1458 perstiterunt,
648 1383 706 1457 qui
720 1399 783 1458 per
799 1379 913 1458 fidelia
928 1396 1004 1456 ope-

260 1502 310 1558 ra,
335 1486 372 1543 in
395 1482 582 1544 habitaculo
609 1481 836 1558 beatitudinis,
868 1480 927 1542 sibi
950 1499 1004 1540 re·

262 1588 373 1663 quiem
388 1592 605 1662 paraverunt.

258 1713 262 1721 ·
307 1690 428 1752 XXXV.
455 1692 547 1764 Quod
566 1695 604 1751 in
628 1690 857 1753 secretioribus
873 1690 1004 1768 paudiis

261 1797 394 1855 animae
425 1798 654 1874 perfectorum
686 1802 875 1858 sanctorum
907 1799 1001 1870 sunt,

260 1901 318 1977 qui
332 1901 380 1958 ita
391 1898 430 1957 ab
442 1900 519 1960 otiis
532 1898 718 1961 hominibus
732 1901 878 1979 separati
891 1904 1003 1970 erant,

261 2006 345 2064 sicut
370 1993 480 2080 anpeli
504 2002 542 2062 ab
558 2003 756 2065 homiuibus.

305 2107 441 2168 XXXVI.
469 2108 560 2180 Quod
584 2111 717 2168 animae
742 2114 931 2168 sanctorum
948 2107 1004 2166 de-

260 2213 410 2274 siderant
434 2232 574 2292 corpora
589 2232 650 2273 sua
666 2214 726 2274 sibi
741 2216 892 2296 restitui,
910 2213 1000 2272 uelut

262 2320 414 2378 esuriens
427 2337 516 2396 puer
532 2337 553 2377 a
566 2305 663 2395 patre
678 2337 801 2396 panem
814 2319 911 2394 petit.

308 2423 461 2485 XXXVII.
487 2424 579 2498 Quod
599 2430 780 2502 antequam
795 2423 919 2482 mortui
936 2440 1004 2483 cor-

256 2543 341 2602 pora
365 2544 426 2586 sua
449 2527 635 2604 recipiant,
659 2524 805 2584 mundus
828 2540 1005 2582 commove-

266 2631 366 2693 bitur.

304 2731 477 2795 XXXVIII.
506 2735 660 2809 Quamvis
689 2752 791 2810 opera
814 2737 1003 2793 sanctorum

258 2840 389 2898 diversa
403 2840 549 2915 fuerint,
566 2844 680 2898 tamen
695 2843 727 2896 et
745 2841 836 2896 tactu
853 2837 1001 2914 Spiritus

262 2941 377 3002 Sancti
394 2939 483 2999 velut
501 2940 627 3000 sodales
642 2929 678 2998 'se
696 2945 903 3016 copnoscunt.

304 3043 491 3108 XXXVIIII.
510 3044 602 3118 Quod
617 3047 654 3104 in
671 3043 843 3104 tenebrosa
860 3044 1003 3125 infideli-

259 3153 342 3219 tate,
367 3147 437 3206 illis
461 3149 518 3224 qui
535 3148 602 3207 Deo
619 3148 655 3207 in
676 3150 786 3224 quiete
803 3150 926 3207 servire
947 3149 1003 3208 de-

199 3301 202 3306 ,
259 3252 388 3323 berent,
414 3250 569 3311 Diabolus
587 3253 842 3329 incongruentes
859 3271 912 3311 res
925 3271 1003 3330 pro-

262 3355 371 3433 ponit.

305 3456 368 3518 XL.
399 3458 492 3532 Quod
520 3460 680 3536 antiquus
714 3459 859 3536 Serpens
887 3465 1004 3520 contra

259 3565 414 3626 coelestia
437 3584 471 3624 se
495 3582 646 3636 movens,
664 3568 702 3625 in
719 3566 827 3626 locum
840 3567 1003 3643 perditio-

260 3673 360 3731 tionis
376 3688 489 3729 omnes
505 3673 674 3731 attrahere
691 3671 772 3730 uult.

306 3776 382 3836 XLI.
416 3774 615 3853 Specialiter
638 3776 678 3836 de
695 3765 821 3836 ventris
837 3778 999 3856 inpluoie,

259 3887 289 3940 et
306 3877 420 3942 habitu
437 3875 519 3953 ejus,
538 3885 569 3939 et
585 3861 669 3959 ¹quid
685 3883 857 3963 siqnificet.

300 3984 393 4046 XLII.
415 3985 616 4061 Specialiter
629 3986 669 4045 de
687 3986 876 4062 acerbitate,
893 3993 925 4046 et
942 3991 999 4049 lia·

259 4086 328 4148 bitu
345 4084 431 4161 ejus,
449 4091 481 4145 et
499 4089 580 4166 quid
597 4092 768 4169 significet.
818 4143 822 4152 .

304 4189 411 4251 XLIII.
443 4191 550 4252 Isaias
579 4195 743 4270 propbeta
773 4196 816 4255 ad
848 4196 998 4256 eamdem

262 4315 343 4356 rem.

308 4399 432 4460 XLIIII.
460 4400 658 4478 Specialiter
682 4403 722 4462 de
750 4404 937 4481 impietate,
967 4411 998 4464 et

258 4505 371 4567 habitu
388 4501 474 4579 ejus,
493 4509 525 4563 et
542 4506 624 4582 quid
640 4507 812 4588 siqniticet.

308 4608 397 4669 XLV.
418 4609 617 4685 Specialiter
632 4611 673 4670 de
693 4612 842 4690 fallacia,
865 4621 896 4674 et
914 4615 1002 4678 liabi-

249 4719 301 4772 'tu
318 4709 403 4786 ejus,
421 4719 453 4772 et
471 4715 552 4790 quid
568 4715 739 4796 siqnificet.

304 4816 409 4876 XLVI.
428 4817 535 4877 Dauid
550 4819 593 4877 ad
610 4821 759 4881 eamdem
777 4839 857 4886 rem.

307 4919 427 4980 XLVII.
454 4921 652 4998 Specialiter
668 4926 707 4984 de
725 4933 945 5005 contentione,
967 4940 998 4991 et

258 5023 370 5092 habitu
387 5023 472 5098 ejus,
491 5031 521 5082 et
539 5027 620 5103 quid
637 5031 807 5109 sipnificet.

288 5174 308 5244 Ι)
323 5180 352 5233 in
364 5181 494 5252 cnpmtia
504 5195 570 5251 pon.
585 5178 618 5236 A.

871 535 898 582 S.
927 530 1199 580 IIILDEGARDIS

1101 651 1236 713 XLVIII.
1263 653 1460 730 Specialiter
1483 651 1524 710 dc
1546 651 1746 730 infelicitate
1763 652 1798 710 et

1056 755 1169 816 habitu
1184 751 1268 831 ejus,
1287 756 1415 834 etquid
1433 755 1602 835 sipnificet.
1781 755 1787 766 '

1102 858 1253 920 XLVIIII.
1281 861 1478 938 Specialiter
1497 860 1536 920 de
1554 860 1799 920 immoderatio-

1057 981 1111 1037 ne,
1129 970 1161 1022 et
1178 963 1290 1025 babitu
1306 961 1441 1046 ejumt
1459 966 1540 1042 quid
1556 965 1725 1043 sipnificet.

1102 1067 1136 1127 L.
1164 1047 1361 1146 Specialiter
1385 1069 1425 1128 de
1446 1069 1636 1146 perditione
1668 1067 1800 1126 anima-

1057 1189 1145 1247 rum,
1164 1179 1196 1232 et
1213 1173 1327 1234 babitu
1343 1171 1429 1249 ejus,
1448 1180 1479 1234 et
1496 1174 1578 1251 quid
1594 1173 1764 1252 siqnificet.

1100 1274 1152 1336 LI.
1182 1276 1344 1338 Jeremias
1373 1281 1536 1356 propbeta
1567 1278 1610 1338 ad
1645 1275 1797 1337 eamdem

1058 1400 1140 1440 rem.

1100 1486 1164 1546 LII.
1191 1487 1388 1564 Specialiter
1404 1489 1444 1548 de
1460 1491 1571 1568 [orma
1586 1487 1650 1548 zeti
1668 1487 1744 1556 Dei,
1761 1489 1795 1544 et

1059 1590 1140 1666 quid
1157 1591 1328 1669 sipm'ficet.

1102 1691 1182 1752 LIII.
1214 1693 1306 1766 Quod
1331 1673 1499 1755 multoties
1522 1696 1670 1756 nomines
1703 1692 1798 1752 zelus

1057 1795 1192 1854 Domini
1217 1797 1378 1872 plurimis
1410 1795 1657 1858 calamitatibus
1686 1812 1798 1874 corpo-

1055 1900 1175 1961 raliter
1198 1903 1318 1982 aflligit
1327 1945 1337 1972 ,
1362 1905 1422 1981 qui
1434 1903 1642 1963 uoluntatem
1658 1902 1719 1964 Dei
1735 1919 1796 1962 ne-

1056 2005 1197 2084 plipunt

1102 2110 1199 2171 LIIII.
1224 2112 1386 2172 Jeremias
1407 2117 1570 2192 propbeta
1585 2113 1629 2174 ad
1644 2113 1796 2172 camdem

1056 2236 1138 2277 rem.

1099 2323 1162 2384 LV.
1181 2323 1272 2397 Quod
1287 2327 1449 2396 hominos,
1468 2326 1526 2403 qui
1536 2326 1706 2403 proximos
1721 2341 1798 2384 suos

1055 2429 1092 2486 in
1115 2429 1307 2503 anqustiam
1327 2433 1473 2505 ponunt,
1490 2421 1513 2508 ⁹)
1532 2447 1628 2506 saepe
1644 2428 1797 2490 uindicta

1056 2531 1118 2590 Dei
1141 2529 1179 2588 ab
1203 2533 1293 2590 omni
1316 2533 1478 2610 felicitate
1500 2533 1626 2593 saeculi
1642 2533 1797 2610 deponit,

1057 2639 1137 2714 quia
1153 2639 1266 2697 omnia
1281 2637 1435 2700 absconsa
1450 2643 1554 2700 novit.

1101 2740 1178 2800 LVI.
1217 2741 1310 2814 Quod
1345 2742 1435 2801 Deus
1463 2743 1598 2803 nullum
1629 2743 1797 2804 hominem

1056 2845 1200 2918 creavit,
1218 2845 1255 2904 in
1271 2862 1333 2923 quo
1347 2847 1488 2905 scientia
1503 2843 1578 2905 bani
1591 2851 1621 2904 et
1634 2843 1797 2904 matinen

1054 2949 1174 3026 fuerit.

1100 3052 1192 3113 LVII.
1218 3053 1265 3114 De
1290 3053 1487 3132 quibusdam
1500 3055 1705 3134 purpatoriis
1719 3071 1800 3131 poe-

1054 3161 1107 3220 nis
1139 3161 1331 3219 animarum
1358 3161 1579 3239 quorumdam
1609 3163 1796 3237 hominum,

1053 3271 1111 3345 qui
1141 3270 1179 3326 in
1211 3268 1341 3330 saeculo
1366 3288 1428 3348 per
1455 3273 1581 3332 ventris
1612 3245 1797 3350 inalubiem

1050 3377 1285 3447 peccaverant,
1308 3378 1341 3431 et
1366 3391 1426 3433 cnr
1449 3365 1648 3436 easdem'ita
1660 3375 1797 3452 patian-

1056 3481 1123 3536 tur.
1526 3471 1532 3482 ’

1100 3579 1208 3640 LVIII.
1236 3580 1400 3654 mornado
1424 3583 1571 3643 homines
1592 3583 1796 3660 poenitendo

1055 3682 1144 3741 idem
1157 3689 1332 3760 peccatum
1349 3685 1385 3743 in
1403 3686 1587 3764 semetipsis
1603 3685 1748 3747 deleant.

1099 3783 1222 3844 LVIIII.
1254 3786 1346 3858 Quod
1375 3788 1415 3846 dc
1439 3789 1489 3848 liis
1514 3789 1572 3865 qui
1594 3791 1720 3848 uentris
1744 3791 1797 3849 in·

1051 3887 1197 3964 pluviem
1220 3889 1385 3966 diligunt,
1410 3890 1591 3952 dicendum
1613 3895 1662 3951 est
1674 3933 1685 3963 ,
1709 3893 1797 3971 quod

1051 3997 1167 4050 uenter
1183 4009 1297 4051 eorum
1315 3993 1403 4053 Deus
1420 4010 1536 4054 eorum
1552 3999 1613 4054 est.

1097 4097 1160 4158 LX.
1183 4098 1284 4159 Verba
1301 4101 1415 4184 Moysi.

1098 4203 1175 4262 LXI.
1201 4204 1288 4263 Item
1311 4204 1351 4264 de
1375 4203 1572 4283 quibusdam
1589 4206 1794 4284 purpatoriis
1864 4221 1868 4230 ·

1049 4309 1165 4384 poenis
1206 4309 1398 4367 animarum
1436 4309 1656 4385 quorumdam
1691 4311 1794 4370 bomi-

1051 4430 1144 4487 num,
1169 4415 1229 4489 qui
1251 4415 1288 4472 in
1312 4413 1488 4476 acerbitate
1509 4421 1742 4493 peccaverant,
1760 4421 1791 4475 et

1051 4535 1154 4594 quare
1172 4517 1304 4577 easdem
1320 4519 1370 4578 ita
1380 4521 1569 4597 patiantur.
1585 4517 1611 4599 ¹)

1098 4620 1190 4681 LXII.
1225 4621 1376 4694 Qualiter
1407 4626 1557 4686 homines
1590 4615 1804 4703 poenitendo

1051 4722 1140 4782 idem
1160 4730 1334 4800 peccatum
1356 4726 1393 4786 in
1418 4725 1604 4804 corporibus
1630 4729 1698 4787 suis
1727 4746 1792 4804 pu-

1052 4831 1159 4889 uiant.

1095 4933 1202 4994 LXIII.
1219 4936 1312 5008 Quod
1324 4937 1499 5011 acerbitas,
1514 4939 1621 5002 Deum
1629 4957 1790 5009 renuens,

1051 5042 1088 5099 in
1112 5039 1224 5099 acerbo
1247 5044 1379 5102 bomine
1403 5045 1577 5104 veritatem
1598 5043 1641 5102 ad
1657 5042 1794 5102 menda·

1068 5194 1090 5260 ²)
1106 5196 1146 5250 ita
1159 5193 1276 5250 babeam
1290 5193 1335 5249 W.
