<?xml version="1.0" encoding="UTF-8"?>
<!DOCTYPE html PUBLIC "-//W3C//DTD XHTML 1.0 Transitional//EN"
    "http://www.w3.org/TR/xhtml1/DTD/xhtml1-transitional.dtd">
<html xmlns="http://www.w3.org/1999/xhtml" xml:lang="en" lang="en">
 <head>
  <title>
</title>
<meta http-equiv="Content-Type" content="text/html;charset=utf-8" />
  <meta name='ocr-system' content='tesseract 3.04.00' />
  <meta name='ocr-capabilities' content='ocr_page ocr_carea ocr_par ocr_line ocrx_word'/>
</head>
<body>
  <div class='ocr_page' id='page_1' title='image "analectasacrasp04pitrgoog_0128.png"; bbox 0 0 3992 6092; ppageno 0'>
   <div class='ocr_carea' id='block_1_1' title="bbox 670 495 1231 567">
    <p class='ocr_par' dir='ltr' id='par_1_1' title="bbox 670 495 1231 567">
     <span class='ocr_line' id='line_1_1' title="bbox 670 495 1231 567; baseline 0 -5"><span class='ocrx_word' id='word_1_1' title='bbox 670 495 703 562; x_wconf 75' lang='lat' dir='ltr'><strong><em>tl</em></strong></span> <span class='ocrx_word' id='word_1_2' title='bbox 727 519 843 566; x_wconf 77' lang='lat' dir='ltr'><strong><em>tisun</em></strong></span> <span class='ocrx_word' id='word_1_3' title='bbox 871 517 971 567; x_wconf 75' lang='lat' dir='ltr'><strong><em>vrrs:</em></strong></span> <span class='ocrx_word' id='word_1_4' title='bbox 1000 516 1231 564; x_wconf 78' lang='lat' dir='ltr'><strong><em>srenrronuu</em></strong></span> 
     </span>
    </p>
   </div>
   <div class='ocr_carea' id='block_1_2' title="bbox 929 741 975 800">
    <p class='ocr_par' dir='ltr' id='par_1_2' title="bbox 929 741 975 800">
     <span class='ocr_line' id='line_1_2' title="bbox 929 741 975 800; baseline 0.022 -1"><span class='ocrx_word' id='word_1_5' title='bbox 929 741 975 800; x_wconf 81' lang='lat' dir='ltr'><strong><em>ll.</em></strong></span> 
     </span>
    </p>
   </div>
   <div class='ocr_carea' id='block_1_3' title="bbox 687 949 1197 1008">
    <p class='ocr_par' dir='ltr' id='par_1_3' title="bbox 687 949 1197 1008">
     <span class='ocr_line' id='line_1_3' title="bbox 687 949 1197 1008; baseline -0.002 0"><span class='ocrx_word' id='word_1_6' title='bbox 687 949 850 1008; x_wconf 68' lang='lat' dir='ltr'><strong><em>ieremias</em></strong></span> <span class='ocrx_word' id='word_1_7' title='bbox 876 952 917 1008; x_wconf 80' lang='lat' dir='ltr'><strong><em>ad</em></strong></span> <span class='ocrx_word' id='word_1_8' title='bbox 943 951 1093 1008; x_wconf 79' lang='lat' dir='ltr'><strong><em>earndern</em></strong></span> <span class='ocrx_word' id='word_1_9' title='bbox 1119 969 1197 1008; x_wconf 63' lang='lat' dir='ltr'><strong><em>runt</em></strong></span> 
     </span>
    </p>
   </div>
   <div class='ocr_carea' id='block_1_4' title="bbox 168 1156 1816 4769">
    <p class='ocr_par' dir='ltr' id='par_1_4' title="bbox 168 1156 1816 4769">
     <span class='ocr_line' id='line_1_4' title="bbox 216 1156 1720 1240; baseline 0.001 -21"><span class='ocrx_word' id='word_1_10' title='bbox 216 1156 269 1219; x_wconf 84' lang='grc'><strong><em>60.</em></strong></span> <span class='ocrx_word' id='word_1_11' title='bbox 299 1159 385 1233; x_wconf 79' lang='lat' dir='ltr'><strong><em>Quid</em></strong></span> <span class='ocrx_word' id='word_1_12' title='bbox 409 1165 468 1235; x_wconf 84' lang='lat' dir='ltr'><strong><em>est,</em></strong></span> <span class='ocrx_word' id='word_1_13' title='bbox 495 1158 611 1226; x_wconf 85' lang='lat' dir='ltr'><strong><em>Israel,</em></strong></span> <span class='ocrx_word' id='word_1_14' title='bbox 637 1159 722 1236; x_wconf 82' lang='lat' dir='ltr'><strong><em>qaod</em></strong></span> <span class='ocrx_word' id='word_1_15' title='bbox 740 1161 775 1218; x_wconf 80' lang='lat' dir='ltr'><strong><em>ia</em></strong></span> <span class='ocrx_word' id='word_1_16' title='bbox 801 1165 891 1218; x_wconf 83' lang='lat' dir='ltr'><strong><em>terra</em></strong></span> <span class='ocrx_word' id='word_1_17' title='bbox 915 1161 1128 1219; x_wconf 82' lang='lat' dir='ltr'><strong><em>inimicorum</em></strong></span> <span class='ocrx_word' id='word_1_18' title='bbox 1146 1161 1199 1218; x_wconf 76' lang='lat' dir='ltr'><strong><em>est</em></strong></span> <span class='ocrx_word' id='word_1_19' title='bbox 1216 1159 1413 1240; x_wconf 81' lang='lat' dir='ltr'><strong><em>inveterasti</em></strong></span> <span class='ocrx_word' id='word_1_20' title='bbox 1436 1161 1470 1218; x_wconf 84' lang='lat' dir='ltr'><strong><em>ia</em></strong></span> <span class='ocrx_word' id='word_1_21' title='bbox 1488 1167 1578 1219; x_wconf 81' lang='lat' dir='ltr'><strong><em>terra</em></strong></span> <span class='ocrx_word' id='word_1_22' title='bbox 1595 1161 1720 1236; x_wconf 82' lang='lat' dir='ltr'><strong><em>atiena,</em></strong></span> 
     </span>
     <span class='ocr_line' id='line_1_5' title="bbox 168 1263 1722 1341; baseline 0.001 -19"><span class='ocrx_word' id='word_1_23' title='bbox 168 1264 400 1340; x_wconf 73' lang='lat' dir='ltr'><strong><em>coinquinatas</em></strong></span> <span class='ocrx_word' id='word_1_24' title='bbox 417 1282 453 1321; x_wconf 86' lang='lat' dir='ltr'><strong><em>es</em></strong></span> <span class='ocrx_word' id='word_1_25' title='bbox 468 1281 542 1322; x_wconf 83' lang='lat' dir='ltr'><strong><em>cum</em></strong></span> <span class='ocrx_word' id='word_1_26' title='bbox 558 1264 711 1332; x_wconf 78' lang='lat' dir='ltr'><strong><em>mortuis,</em></strong></span> <span class='ocrx_word' id='word_1_27' title='bbox 730 1263 908 1338; x_wconf 72' lang='lat' dir='ltr'><strong><em>depracatus</em></strong></span> <span class='ocrx_word' id='word_1_28' title='bbox 925 1281 958 1319; x_wconf 84' lang='lat' dir='ltr'><strong><em>es</em></strong></span> <span class='ocrx_word' id='word_1_29' title='bbox 975 1281 1049 1320; x_wconf 81' lang='lat' dir='ltr'><strong><em>cam</em></strong></span> <span class='ocrx_word' id='word_1_30' title='bbox 1066 1265 1116 1321; x_wconf 88' lang='lat' dir='ltr'><strong><em>his</em></strong></span> <span class='ocrx_word' id='word_1_31' title='bbox 1133 1264 1190 1338; x_wconf 79' lang='lat' dir='ltr'><strong><em>qui</em></strong></span> <span class='ocrx_word' id='word_1_32' title='bbox 1208 1265 1244 1320; x_wconf 87' lang='lat' dir='ltr'><strong><em>in</em></strong></span> <span class='ocrx_word' id='word_1_33' title='bbox 1260 1264 1396 1338; x_wconf 73' lang='lat' dir='ltr'><strong><em>inferno</em></strong></span> <span class='ocrx_word' id='word_1_34' title='bbox 1412 1271 1505 1334; x_wconf 78' lang='lat' dir='ltr'><strong><em>suat;</em></strong></span> <span class='ocrx_word' id='word_1_35' title='bbox 1529 1263 1722 1341; x_wconf 71' lang='lat' dir='ltr'><strong><em>dereliqui·</em></strong></span> 
     </span>
     <span class='ocr_line' id='line_1_6' title="bbox 171 1365 1726 1446; baseline 0 -20"><span class='ocrx_word' id='word_1_36' title='bbox 171 1370 214 1427; x_wconf 88' lang='lat' dir='ltr'><strong><em>sti</em></strong></span> <span class='ocrx_word' id='word_1_37' title='bbox 230 1369 357 1446; x_wconf 71' lang='lat' dir='ltr'><strong><em>fontem</em></strong></span> <span class='ocrx_word' id='word_1_38' title='bbox 376 1369 569 1446; x_wconf 79' lang='lat' dir='ltr'><strong><em>sapientiae.</em></strong></span> <span class='ocrx_word' id='word_1_39' title='bbox 589 1366 675 1426; x_wconf 87' lang='lat' dir='ltr'><strong><em>Nam</em></strong></span> <span class='ocrx_word' id='word_1_40' title='bbox 694 1368 722 1425; x_wconf 88' lang='lat' dir='ltr'><strong><em>si</em></strong></span> <span class='ocrx_word' id='word_1_41' title='bbox 739 1369 775 1425; x_wconf 81' lang='lat' dir='ltr'><strong><em>ia</em></strong></span> <span class='ocrx_word' id='word_1_42' title='bbox 792 1368 845 1425; x_wconf 83' lang='lat' dir='ltr'><strong><em>eia</em></strong></span> <span class='ocrx_word' id='word_1_43' title='bbox 863 1367 923 1426; x_wconf 81' lang='lat' dir='ltr'><strong><em>Dei</em></strong></span> <span class='ocrx_word' id='word_1_44' title='bbox 948 1365 1160 1440; x_wconf 77' lang='lat' dir='ltr'><strong><em>ambulasses,</em></strong></span> <span class='ocrx_word' id='word_1_45' title='bbox 1179 1365 1356 1427; x_wconf 77' lang='lat' dir='ltr'><strong><em>habitasses</em></strong></span> <span class='ocrx_word' id='word_1_46' title='bbox 1381 1369 1496 1442; x_wconf 81' lang='lat' dir='ltr'><strong><em>utique</em></strong></span> <span class='ocrx_word' id='word_1_47' title='bbox 1513 1369 1550 1426; x_wconf 84' lang='lat' dir='ltr'><strong><em>iu</em></strong></span> <span class='ocrx_word' id='word_1_48' title='bbox 1570 1383 1653 1444; x_wconf 81' lang='lat' dir='ltr'><strong><em>pace</em></strong></span> <span class='ocrx_word' id='word_1_49' title='bbox 1671 1385 1726 1426; x_wconf 66' lang='lat' dir='ltr'><strong><em>sss⁴</em></strong></span> 
     </span>
     <span class='ocr_line' id='line_1_7' title="bbox 169 1468 1723 1550; baseline 0 -20"><span class='ocrx_word' id='word_1_50' title='bbox 169 1493 230 1549; x_wconf 80' lang='lat' dir='ltr'><strong><em>per</em></strong></span> <span class='ocrx_word' id='word_1_51' title='bbox 254 1480 379 1531; x_wconf 78' lang='lat' dir='ltr'><strong><em>terram</em></strong></span> <span class='ocrx_word' id='word_1_52' title='bbox 395 1468 429 1550; x_wconf 81' lang='lat'><strong><em>¹).</em></strong></span> <span class='ocrx_word' id='word_1_53' title='bbox 449 1471 551 1548; x_wconf 76' lang='lat' dir='ltr'><strong><em>CuJus</em></strong></span> <span class='ocrx_word' id='word_1_54' title='bbox 577 1487 697 1530; x_wconf 87' lang='lat' dir='ltr'><strong><em>sensus</em></strong></span> <span class='ocrx_word' id='word_1_55' title='bbox 722 1471 799 1530; x_wconf 85' lang='lat' dir='ltr'><strong><em>talis</em></strong></span> <span class='ocrx_word' id='word_1_56' title='bbox 823 1476 884 1530; x_wconf 89' lang='lat' dir='ltr'><strong><em>est.</em></strong></span> <span class='ocrx_word' id='word_1_57' title='bbox 906 1469 994 1530; x_wconf 87' lang='lat' dir='ltr'><strong><em>Unde</em></strong></span> <span class='ocrx_word' id='word_1_58' title='bbox 1020 1470 1235 1544; x_wconf 85' lang='lat' dir='ltr'><strong><em>boematum,</em></strong></span> <span class='ocrx_word' id='word_1_59' title='bbox 1254 1470 1470 1547; x_wconf 88' lang='lat' dir='ltr'><strong><em>quodtuqui</em></strong></span> <span class='ocrx_word' id='word_1_60' title='bbox 1492 1472 1641 1532; x_wconf 84' lang='lat' dir='ltr'><strong><em>ostensio</em></strong></span> <span class='ocrx_word' id='word_1_61' title='bbox 1659 1471 1723 1530; x_wconf 82' lang='lat' dir='ltr'><strong><em>mi-</em></strong></span> 
     </span>
     <span class='ocr_line' id='line_1_8' title="bbox 173 1575 1726 1652; baseline 0.001 -18"><span class='ocrx_word' id='word_1_62' title='bbox 173 1577 364 1637; x_wconf 87' lang='lat' dir='ltr'><strong><em>raculorum</em></strong></span> <span class='ocrx_word' id='word_1_63' title='bbox 380 1575 439 1636; x_wconf 88' lang='lat' dir='ltr'><strong><em>Dei</em></strong></span> <span class='ocrx_word' id='word_1_64' title='bbox 456 1593 504 1650; x_wconf 88' lang='lat' dir='ltr'><strong><em>cs,</em></strong></span> <span class='ocrx_word' id='word_1_65' title='bbox 528 1577 636 1652; x_wconf 88' lang='lat' dir='ltr'><strong><em>etqui</em></strong></span> <span class='ocrx_word' id='word_1_66' title='bbox 655 1577 784 1635; x_wconf 87' lang='lat' dir='ltr'><strong><em>coelum</em></strong></span> <span class='ocrx_word' id='word_1_67' title='bbox 802 1591 877 1634; x_wconf 90' lang='lat' dir='ltr'><strong><em>cum</em></strong></span> <span class='ocrx_word' id='word_1_68' title='bbox 895 1577 1051 1635; x_wconf 88' lang='lat' dir='ltr'><strong><em>omnibus</em></strong></span> <span class='ocrx_word' id='word_1_69' title='bbox 1070 1576 1291 1636; x_wconf 90' lang='lat' dir='ltr'><strong><em>luminaribus</em></strong></span> <span class='ocrx_word' id='word_1_70' title='bbox 1306 1577 1378 1636; x_wconf 87' lang='lat' dir='ltr'><strong><em>suis</em></strong></span> <span class='ocrx_word' id='word_1_71' title='bbox 1394 1577 1528 1652; x_wconf 90' lang='lat' dir='ltr'><strong><em>diceris,</em></strong></span> <span class='ocrx_word' id='word_1_72' title='bbox 1546 1578 1602 1636; x_wconf 91' lang='lat' dir='ltr'><strong><em>ubi</em></strong></span> <span class='ocrx_word' id='word_1_73' title='bbox 1621 1577 1726 1638; x_wconf 89' lang='lat' dir='ltr'><strong><em>Deum</em></strong></span> 
     </span>
     <span class='ocr_line' id='line_1_9' title="bbox 172 1680 1727 1756; baseline 0.001 -17"><span class='ocrx_word' id='word_1_74' title='bbox 172 1681 287 1741; x_wconf 84' lang='lat' dir='ltr'><strong><em>videre</em></strong></span> <span class='ocrx_word' id='word_1_75' title='bbox 304 1681 479 1754; x_wconf 85' lang='lat' dir='ltr'><strong><em>debueras;</em></strong></span> <span class='ocrx_word' id='word_1_76' title='bbox 500 1681 588 1756; x_wconf 88' lang='lat' dir='ltr'><strong><em>quod</em></strong></span> <span class='ocrx_word' id='word_1_77' title='bbox 605 1682 638 1740; x_wconf 92' lang='lat' dir='ltr'><strong><em>in</em></strong></span> <span class='ocrx_word' id='word_1_78' title='bbox 663 1686 758 1755; x_wconf 88' lang='lat' dir='ltr'><strong><em>parte</em></strong></span> <span class='ocrx_word' id='word_1_79' title='bbox 776 1680 833 1740; x_wconf 86' lang='lat' dir='ltr'><strong><em>illa</em></strong></span> <span class='ocrx_word' id='word_1_80' title='bbox 850 1697 916 1754; x_wconf 89' lang='lat' dir='ltr'><strong><em>qua</em></strong></span> <span class='ocrx_word' id='word_1_81' title='bbox 933 1696 1027 1738; x_wconf 88' lang='lat' dir='ltr'><strong><em>mens</em></strong></span> <span class='ocrx_word' id='word_1_82' title='bbox 1045 1685 1101 1739; x_wconf 88' lang='lat' dir='ltr'><strong><em>tua</em></strong></span> <span class='ocrx_word' id='word_1_83' title='bbox 1118 1687 1209 1739; x_wconf 89' lang='lat' dir='ltr'><strong><em>terra</em></strong></span> <span class='ocrx_word' id='word_1_84' title='bbox 1226 1687 1288 1754; x_wconf 88' lang='lat' dir='ltr'><strong><em>est,</em></strong></span> <span class='ocrx_word' id='word_1_85' title='bbox 1308 1681 1473 1741; x_wconf 88' lang='lat' dir='ltr'><strong><em>hahitatio</em></strong></span> <span class='ocrx_word' id='word_1_86' title='bbox 1497 1682 1645 1741; x_wconf 90' lang='lat' dir='ltr'><strong><em>omnium</em></strong></span> <span class='ocrx_word' id='word_1_87' title='bbox 1664 1680 1727 1741; x_wconf 92' lang='lat' dir='ltr'><strong><em>ini·</em></strong></span> 
     </span>
     <span class='ocr_line' id='line_1_10' title="bbox 175 1771 1725 1861; baseline 0.001 -19"><span class='ocrx_word' id='word_1_88' title='bbox 175 1785 337 1844; x_wconf 88' lang='lat' dir='ltr'><strong><em>micorum</em></strong></span> <span class='ocrx_word' id='word_1_89' title='bbox 362 1790 496 1844; x_wconf 91' lang='lat' dir='ltr'><strong><em>tuorum</em></strong></span> <span class='ocrx_word' id='word_1_90' title='bbox 521 1801 597 1844; x_wconf 84' lang='lat' dir='ltr'><strong><em>esse</em></strong></span> <span class='ocrx_word' id='word_1_91' title='bbox 622 1783 846 1858; x_wconf 73' lang='lat' dir='ltr'><strong><em>conspiceris?</em></strong></span> <span class='ocrx_word' id='word_1_92' title='bbox 869 1784 953 1842; x_wconf 87' lang='lat' dir='ltr'><strong><em>Nam</em></strong></span> <span class='ocrx_word' id='word_1_93' title='bbox 977 1785 1065 1842; x_wconf 86' lang='lat' dir='ltr'><strong><em>mola</em></strong></span> <span class='ocrx_word' id='word_1_94' title='bbox 1089 1783 1258 1842; x_wconf 88' lang='lat' dir='ltr'><strong><em>desideria</em></strong></span> <span class='ocrx_word' id='word_1_95' title='bbox 1283 1785 1316 1843; x_wconf 92' lang='lat' dir='ltr'><strong><em>in</em></strong></span> <span class='ocrx_word' id='word_1_96' title='bbox 1341 1799 1441 1844; x_wconf 86' lang='lat' dir='ltr'><strong><em>carne</em></strong></span> <span class='ocrx_word' id='word_1_97' title='bbox 1467 1788 1524 1845; x_wconf 91' lang='lat' dir='ltr'><strong><em>tua</em></strong></span> <span class='ocrx_word' id='word_1_98' title='bbox 1548 1771 1725 1861; x_wconf 89' lang='lat' dir='ltr'><strong><em>pullulant,</em></strong></span> 
     </span>
     <span class='ocr_line' id='line_1_11' title="bbox 174 1881 1731 1966; baseline 0.003 -19"><span class='ocrx_word' id='word_1_99' title='bbox 174 1903 259 1964; x_wconf 80' lang='lat' dir='ltr'><strong><em>quae</em></strong></span> <span class='ocrx_word' id='word_1_100' title='bbox 276 1889 407 1948; x_wconf 85' lang='lat' dir='ltr'><strong><em>animae</em></strong></span> <span class='ocrx_word' id='word_1_101' title='bbox 426 1889 560 1948; x_wconf 90' lang='lat' dir='ltr'><strong><em>inimica</em></strong></span> <span class='ocrx_word' id='word_1_102' title='bbox 578 1894 665 1948; x_wconf 89' lang='lat' dir='ltr'><strong><em>sunt.</em></strong></span> <span class='ocrx_word' id='word_1_103' title='bbox 684 1887 786 1948; x_wconf 88' lang='lat' dir='ltr'><strong><em>Terra</em></strong></span> <span class='ocrx_word' id='word_1_104' title='bbox 804 1881 892 1947; x_wconf 86' lang='lat' dir='ltr'><strong><em>enirn</em></strong></span> <span class='ocrx_word' id='word_1_105' title='bbox 909 1895 966 1946; x_wconf 89' lang='lat' dir='ltr'><strong><em>tua</em></strong></span> <span class='ocrx_word' id='word_1_106' title='bbox 984 1888 1017 1946; x_wconf 91' lang='lat' dir='ltr'><strong><em>in</em></strong></span> <span class='ocrx_word' id='word_1_107' title='bbox 1034 1888 1141 1963; x_wconf 86' lang='lat' dir='ltr'><strong><em>prima</em></strong></span> <span class='ocrx_word' id='word_1_108' title='bbox 1159 1887 1329 1948; x_wconf 73' lang='lat' dir='ltr'>viriditate</span> <span class='ocrx_word' id='word_1_109' title='bbox 1343 1890 1459 1950; x_wconf 90' lang='lat' dir='ltr'><strong><em>ludere</em></strong></span> <span class='ocrx_word' id='word_1_110' title='bbox 1478 1891 1607 1966; x_wconf 89' lang='lat' dir='ltr'><strong><em>incipit,</em></strong></span> <span class='ocrx_word' id='word_1_111' title='bbox 1623 1897 1657 1950; x_wconf 88' lang='lat' dir='ltr'><strong><em>et</em></strong></span> <span class='ocrx_word' id='word_1_112' title='bbox 1672 1906 1731 1966; x_wconf 90' lang='lat' dir='ltr'><strong><em>po-</em></strong></span> 
     </span>
     <span class='ocr_line' id='line_1_12' title="bbox 176 1990 1729 2070; baseline 0.003 -22"><span class='ocrx_word' id='word_1_113' title='bbox 176 1999 249 2053; x_wconf 85' lang='lat' dir='ltr'><strong><em>stea</em></strong></span> <span class='ocrx_word' id='word_1_114' title='bbox 266 1992 441 2052; x_wconf 86' lang='lat' dir='ltr'><strong><em>lasciviam</em></strong></span> <span class='ocrx_word' id='word_1_115' title='bbox 461 1993 532 2067; x_wconf 91' lang='lat' dir='ltr'><strong><em>init,</em></strong></span> <span class='ocrx_word' id='word_1_116' title='bbox 550 2007 589 2052; x_wconf 87' lang='lat' dir='ltr'><strong><em>ac</em></strong></span> <span class='ocrx_word' id='word_1_117' title='bbox 606 1991 725 2051; x_wconf 88' lang='lat' dir='ltr'><strong><em>deinde</em></strong></span> <span class='ocrx_word' id='word_1_118' title='bbox 749 1993 782 2050; x_wconf 90' lang='lat' dir='ltr'><strong><em>in</em></strong></span> <span class='ocrx_word' id='word_1_119' title='bbox 798 1990 999 2066; x_wconf 85' lang='lat' dir='ltr'><strong><em>protundum</em></strong></span> <span class='ocrx_word' id='word_1_120' title='bbox 1021 1991 1123 2050; x_wconf 87' lang='lat' dir='ltr'><strong><em>maris</em></strong></span> <span class='ocrx_word' id='word_1_121' title='bbox 1140 1991 1243 2066; x_wconf 87' lang='lat' dir='ltr'><strong><em>vadit;</em></strong></span> <span class='ocrx_word' id='word_1_122' title='bbox 1270 2007 1356 2068; x_wconf 88' lang='lat' dir='ltr'><strong><em>quae</em></strong></span> <span class='ocrx_word' id='word_1_123' title='bbox 1382 1993 1536 2068; x_wconf 83' lang='lat' dir='ltr'><strong><em>squalida</em></strong></span> <span class='ocrx_word' id='word_1_124' title='bbox 1560 2009 1599 2054; x_wconf 88' lang='lat' dir='ltr'><strong><em>ac</em></strong></span> <span class='ocrx_word' id='word_1_125' title='bbox 1615 1993 1729 2070; x_wconf 87' lang='lat' dir='ltr'><strong><em>tepida</em></strong></span> 
     </span>
     <span class='ocr_line' id='line_1_13' title="bbox 175 2096 1731 2174; baseline 0.003 -20"><span class='ocrx_word' id='word_1_126' title='bbox 175 2104 209 2156; x_wconf 80' lang='lat' dir='ltr'><strong><em>et</em></strong></span> <span class='ocrx_word' id='word_1_127' title='bbox 226 2097 423 2174; x_wconf 85' lang='lat' dir='ltr'><strong><em>turpissima</em></strong></span> <span class='ocrx_word' id='word_1_128' title='bbox 440 2111 541 2173; x_wconf 88' lang='lat' dir='ltr'><strong><em>opera</em></strong></span> <span class='ocrx_word' id='word_1_129' title='bbox 559 2102 648 2170; x_wconf 87' lang='lat' dir='ltr'><strong><em>sunt,</em></strong></span> <span class='ocrx_word' id='word_1_130' title='bbox 666 2111 742 2154; x_wconf 91' lang='lat' dir='ltr'><strong><em>cum</em></strong></span> <span class='ocrx_word' id='word_1_131' title='bbox 759 2096 882 2172; x_wconf 88' lang='lat' dir='ltr'><strong><em>quibus</em></strong></span> <span class='ocrx_word' id='word_1_132' title='bbox 900 2096 1086 2155; x_wconf 89' lang='lat' dir='ltr'><strong><em>inveterata</em></strong></span> <span class='ocrx_word' id='word_1_133' title='bbox 1108 2101 1161 2156; x_wconf 89' lang='lat' dir='ltr'><strong><em>est</em></strong></span> <span class='ocrx_word' id='word_1_134' title='bbox 1177 2113 1272 2156; x_wconf 90' lang='lat' dir='ltr'><strong><em>mens</em></strong></span> <span class='ocrx_word' id='word_1_135' title='bbox 1297 2102 1355 2157; x_wconf 85' lang='lat' dir='ltr'><strong><em>tus</em></strong></span> <span class='ocrx_word' id='word_1_136' title='bbox 1373 2098 1406 2158; x_wconf 89' lang='lat' dir='ltr'><strong><em>in</em></strong></span> <span class='ocrx_word' id='word_1_137' title='bbox 1431 2103 1524 2157; x_wconf 84' lang='lat' dir='ltr'><strong><em>terra</em></strong></span> <span class='ocrx_word' id='word_1_138' title='bbox 1540 2099 1662 2168; x_wconf 85' lang='lat' dir='ltr'><strong><em>aliena,</em></strong></span> <span class='ocrx_word' id='word_1_139' title='bbox 1682 2099 1731 2159; x_wconf 85' lang='lat' dir='ltr'><strong><em>ita</em></strong></span> 
     </span>
     <span class='ocr_line' id='line_1_14' title="bbox 177 2198 1727 2280; baseline 0.005 -22"><span class='ocrx_word' id='word_1_140' title='bbox 177 2199 264 2276; x_wconf 82' lang='lat' dir='ltr'><strong><em>quod</em></strong></span> <span class='ocrx_word' id='word_1_141' title='bbox 283 2199 482 2276; x_wconf 84' lang='lat' dir='ltr'><strong><em>inpeccatis</em></strong></span> <span class='ocrx_word' id='word_1_142' title='bbox 499 2215 548 2274; x_wconf 90' lang='lat' dir='ltr'><strong><em>es,</em></strong></span> <span class='ocrx_word' id='word_1_143' title='bbox 574 2214 660 2276; x_wconf 86' lang='lat' dir='ltr'><strong><em>quae</em></strong></span> <span class='ocrx_word' id='word_1_144' title='bbox 678 2199 849 2258; x_wconf 76' lang='lat' dir='ltr'><strong><em>sanctitati</em></strong></span> <span class='ocrx_word' id='word_1_145' title='bbox 874 2198 1043 2258; x_wconf 81' lang='lat' dir='ltr'><strong><em>contraria</em></strong></span> <span class='ocrx_word' id='word_1_146' title='bbox 1063 2204 1150 2258; x_wconf 88' lang='lat' dir='ltr'><strong><em>sunt.</em></strong></span> <span class='ocrx_word' id='word_1_147' title='bbox 1169 2198 1272 2260; x_wconf 89' lang='lat' dir='ltr'><strong><em>Deum</em></strong></span> <span class='ocrx_word' id='word_1_148' title='bbox 1298 2215 1431 2276; x_wconf 86' lang='lat' dir='ltr'><strong><em>quoque</em></strong></span> <span class='ocrx_word' id='word_1_149' title='bbox 1448 2217 1514 2261; x_wconf 90' lang='lat' dir='ltr'><strong><em>non</em></strong></span> <span class='ocrx_word' id='word_1_150' title='bbox 1538 2206 1727 2280; x_wconf 75' lang='lat' dir='ltr'><strong><em>cognoscis,</em></strong></span> 
     </span>
     <span class='ocr_line' id='line_1_15' title="bbox 178 2287 1816 2380; baseline 0.004 -18"><span class='ocrx_word' id='word_1_151' title='bbox 178 2304 210 2363; x_wconf 89' lang='lat' dir='ltr'><strong><em>in</em></strong></span> <span class='ocrx_word' id='word_1_152' title='bbox 227 2319 294 2379; x_wconf 85' lang='lat' dir='ltr'><strong><em>qua</em></strong></span> <span class='ocrx_word' id='word_1_153' title='bbox 310 2303 510 2364; x_wconf 83' lang='lat' dir='ltr'>dormitione</span> <span class='ocrx_word' id='word_1_154' title='bbox 529 2302 682 2362; x_wconf 83' lang='lat' dir='ltr'><strong><em>foedatus</em></strong></span> <span class='ocrx_word' id='word_1_155' title='bbox 700 2318 735 2363; x_wconf 88' lang='lat' dir='ltr'><strong><em>es</em></strong></span> <span class='ocrx_word' id='word_1_156' title='bbox 752 2319 828 2363; x_wconf 92' lang='lat' dir='ltr'><strong><em>cum</em></strong></span> <span class='ocrx_word' id='word_1_157' title='bbox 842 2305 984 2362; x_wconf 85' lang='lat' dir='ltr'><strong><em>mortuis</em></strong></span> <span class='ocrx_word' id='word_1_158' title='bbox 1001 2304 1171 2379; x_wconf 88' lang='lat' dir='ltr'><strong><em>operibus,</em></strong></span> <span class='ocrx_word' id='word_1_159' title='bbox 1190 2319 1275 2380; x_wconf 87' lang='lat' dir='ltr'><strong><em>quae</em></strong></span> <span class='ocrx_word' id='word_1_160' title='bbox 1293 2320 1351 2379; x_wconf 92' lang='lat' dir='ltr'><strong><em>per</em></strong></span> <span class='ocrx_word' id='word_1_161' title='bbox 1369 2305 1638 2369; x_wconf 87' lang='lat' dir='ltr'><strong><em>incredulitatem</em></strong></span> <span class='ocrx_word' id='word_1_162' title='bbox 1655 2309 1724 2370; x_wconf 88' lang='lat' dir='ltr'><strong><em>Deo</em></strong></span> <span class='ocrx_word' id='word_1_163' title='bbox 1814 2287 1816 2292; x_wconf 30' lang='lat'>⁸</span> 
     </span>
     <span class='ocr_line' id='line_1_16' title="bbox 176 2407 1727 2484; baseline 0.004 -16"><span class='ocrx_word' id='word_1_164' title='bbox 176 2417 210 2468; x_wconf 86' lang='lat' dir='ltr'><strong><em>et</em></strong></span> <span class='ocrx_word' id='word_1_165' title='bbox 228 2409 387 2468; x_wconf 90' lang='lat' dir='ltr'><strong><em>omnibus</em></strong></span> <span class='ocrx_word' id='word_1_166' title='bbox 412 2409 539 2467; x_wconf 86' lang='lat' dir='ltr'><strong><em>sanctis</em></strong></span> <span class='ocrx_word' id='word_1_167' title='bbox 556 2407 628 2484; x_wconf 86' lang='lat' dir='ltr'><strong><em>ejus</em></strong></span> <span class='ocrx_word' id='word_1_168' title='bbox 654 2407 788 2468; x_wconf 81' lang='lat' dir='ltr'><strong><em>foetent.</em></strong></span> <span class='ocrx_word' id='word_1_169' title='bbox 806 2407 1017 2482; x_wconf 79' lang='lat' dir='ltr'><strong><em>Quapropter</em></strong></span> <span class='ocrx_word' id='word_1_170' title='bbox 1033 2407 1134 2467; x_wconf 87' lang='lat' dir='ltr'><strong><em>etiarn</em></strong></span> <span class='ocrx_word' id='word_1_171' title='bbox 1157 2407 1392 2484; x_wconf 77' lang='lat' dir='ltr'><strong><em>deputatus&#39;es</em></strong></span> <span class='ocrx_word' id='word_1_172' title='bbox 1410 2410 1443 2468; x_wconf 92' lang='lat' dir='ltr'><strong><em>in</em></strong></span> <span class='ocrx_word' id='word_1_173' title='bbox 1462 2411 1633 2472; x_wconf 89' lang='lat' dir='ltr'><strong><em>interitum</em></strong></span> <span class='ocrx_word' id='word_1_174' title='bbox 1651 2429 1727 2474; x_wconf 87' lang='lat' dir='ltr'><strong><em>cum</em></strong></span> 
     </span>
     <span class='ocr_line' id='line_1_17' title="bbox 177 2510 1814 2594; baseline 0.004 -24"><span class='ocrx_word' id='word_1_175' title='bbox 177 2513 244 2572; x_wconf 88' lang='lat' dir='ltr'><strong><em>illis</em></strong></span> <span class='ocrx_word' id='word_1_176' title='bbox 261 2512 320 2588; x_wconf 86' lang='lat' dir='ltr'><strong><em>qui</em></strong></span> <span class='ocrx_word' id='word_1_177' title='bbox 339 2512 372 2570; x_wconf 93' lang='lat' dir='ltr'><strong><em>in</em></strong></span> <span class='ocrx_word' id='word_1_178' title='bbox 389 2511 608 2570; x_wconf 80' lang='lat' dir='ltr'><strong><em>infernalibus</em></strong></span> <span class='ocrx_word' id='word_1_179' title='bbox 626 2511 803 2570; x_wconf 88' lang='lat' dir='ltr'><strong><em>tormentis</em></strong></span> <span class='ocrx_word' id='word_1_180' title='bbox 820 2510 983 2582; x_wconf 85' lang='lat' dir='ltr'><strong><em>habitent,</em></strong></span> <span class='ocrx_word' id='word_1_181' title='bbox 1001 2511 1059 2586; x_wconf 89' lang='lat' dir='ltr'><strong><em>qui</em></strong></span> <span class='ocrx_word' id='word_1_182' title='bbox 1076 2510 1165 2570; x_wconf 89' lang='lat' dir='ltr'><strong><em>diem</em></strong></span> <span class='ocrx_word' id='word_1_183' title='bbox 1181 2511 1258 2570; x_wconf 88' lang='lat' dir='ltr'><strong><em>fidei</em></strong></span> <span class='ocrx_word' id='word_1_184' title='bbox 1274 2528 1338 2570; x_wconf 93' lang='lat' dir='ltr'><strong><em>non</em></strong></span> <span class='ocrx_word' id='word_1_185' title='bbox 1355 2512 1524 2586; x_wconf 89' lang='lat' dir='ltr'><strong><em>videbant,</em></strong></span> <span class='ocrx_word' id='word_1_186' title='bbox 1543 2530 1604 2575; x_wconf 88' lang='lat' dir='ltr'><strong><em>nac</em></strong></span> <span class='ocrx_word' id='word_1_187' title='bbox 1621 2516 1728 2576; x_wconf 89' lang='lat' dir='ltr'><strong><em>solem</em></strong></span> <span class='ocrx_word' id='word_1_188' title='bbox 1813 2591 1814 2594; x_wconf 8' lang='grc' dir='ltr'><strong>Ἴ</strong></span> 
     </span>
     <span class='ocr_line' id='line_1_18' title="bbox 176 2613 1729 2690; baseline 0.001 -14"><span class='ocrx_word' id='word_1_189' title='bbox 176 2614 429 2676; x_wconf 87' lang='lat' dir='ltr'><strong><em>misericordiae</em></strong></span> <span class='ocrx_word' id='word_1_190' title='bbox 447 2613 681 2690; x_wconf 85' lang='lat' dir='ltr'><strong><em>inspiciebant,</em></strong></span> <span class='ocrx_word' id='word_1_191' title='bbox 699 2619 733 2673; x_wconf 89' lang='lat' dir='ltr'><strong><em>et</em></strong></span> <span class='ocrx_word' id='word_1_192' title='bbox 750 2614 808 2689; x_wconf 90' lang='lat' dir='ltr'><strong><em>qui</em></strong></span> <span class='ocrx_word' id='word_1_193' title='bbox 825 2615 937 2674; x_wconf 90' lang='lat' dir='ltr'><strong><em>lunam</em></strong></span> <span class='ocrx_word' id='word_1_194' title='bbox 954 2615 1146 2673; x_wconf 83' lang='lat' dir='ltr'><strong><em>sanctitatis</em></strong></span> <span class='ocrx_word' id='word_1_195' title='bbox 1163 2629 1238 2673; x_wconf 92' lang='lat' dir='ltr'><strong><em>cum</em></strong></span> <span class='ocrx_word' id='word_1_196' title='bbox 1256 2615 1412 2674; x_wconf 90' lang='lat' dir='ltr'><strong><em>omnibus</em></strong></span> <span class='ocrx_word' id='word_1_197' title='bbox 1438 2615 1606 2677; x_wconf 87' lang='lat' dir='ltr'><strong><em>sideribus</em></strong></span> <span class='ocrx_word' id='word_1_198' title='bbox 1623 2619 1729 2678; x_wconf 89' lang='lat' dir='ltr'><strong><em>virtu-</em></strong></span> 
     </span>
     <span class='ocr_line' id='line_1_19' title="bbox 178 2717 1729 2798; baseline 0.001 -18"><span class='ocrx_word' id='word_1_199' title='bbox 178 2727 247 2780; x_wconf 90' lang='lat' dir='ltr'><strong><em>tum</em></strong></span> <span class='ocrx_word' id='word_1_200' title='bbox 266 2719 486 2796; x_wconf 87' lang='lat' dir='ltr'><strong><em>reliqueruot;</em></strong></span> <span class='ocrx_word' id='word_1_201' title='bbox 504 2719 661 2794; x_wconf 84' lang='lat' dir='ltr'><strong><em>quoniam</em></strong></span> <span class='ocrx_word' id='word_1_202' title='bbox 679 2719 787 2778; x_wconf 89' lang='lat' dir='ltr'><strong><em>lucem</em></strong></span> <span class='ocrx_word' id='word_1_203' title='bbox 805 2718 915 2776; x_wconf 91' lang='lat' dir='ltr'><strong><em>omnis</em></strong></span> <span class='ocrx_word' id='word_1_204' title='bbox 939 2717 1070 2793; x_wconf 77' lang='lat' dir='ltr'><strong><em>gratiae</em></strong></span> <span class='ocrx_word' id='word_1_205' title='bbox 1086 2717 1145 2776; x_wconf 89' lang='lat' dir='ltr'><strong><em>Dei</em></strong></span> <span class='ocrx_word' id='word_1_206' title='bbox 1171 2718 1400 2794; x_wconf 86' lang='lat' dir='ltr'><strong><em>repudiabant.</em></strong></span> <span class='ocrx_word' id='word_1_207' title='bbox 1418 2719 1459 2778; x_wconf 89' lang='lat' dir='ltr'><strong><em>Et</em></strong></span> <span class='ocrx_word' id='word_1_208' title='bbox 1476 2719 1525 2779; x_wconf 91' lang='lat' dir='ltr'><strong><em>sic</em></strong></span> <span class='ocrx_word' id='word_1_209' title='bbox 1549 2721 1729 2798; x_wconf 85' lang='lat' dir='ltr'><strong><em>dereliqui-</em></strong></span> 
     </span>
     <span class='ocr_line' id='line_1_20' title="bbox 176 2819 1728 2897; baseline 0.002 -16"><span class='ocrx_word' id='word_1_210' title='bbox 176 2823 220 2883; x_wconf 86' lang='lat' dir='ltr'><strong><em>sti</em></strong></span> <span class='ocrx_word' id='word_1_211' title='bbox 238 2822 365 2883; x_wconf 86' lang='lat' dir='ltr'><strong><em>lontem</em></strong></span> <span class='ocrx_word' id='word_1_212' title='bbox 383 2821 579 2896; x_wconf 88' lang='lat' dir='ltr'><strong><em>sapientiae,</em></strong></span> <span class='ocrx_word' id='word_1_213' title='bbox 598 2821 730 2881; x_wconf 88' lang='lat' dir='ltr'><strong><em>scilicet</em></strong></span> <span class='ocrx_word' id='word_1_214' title='bbox 747 2821 909 2880; x_wconf 84' lang='lat' dir='ltr'><strong><em>infinitam</em></strong></span> <span class='ocrx_word' id='word_1_215' title='bbox 927 2821 1031 2880; x_wconf 88' lang='lat' dir='ltr'><strong><em>vitam</em></strong></span> <span class='ocrx_word' id='word_1_216' title='bbox 1050 2835 1136 2897; x_wconf 80' lang='lat' dir='ltr'><strong><em>quae</em></strong></span> <span class='ocrx_word' id='word_1_217' title='bbox 1153 2821 1187 2879; x_wconf 91' lang='lat' dir='ltr'><strong><em>in</em></strong></span> <span class='ocrx_word' id='word_1_218' title='bbox 1202 2819 1269 2880; x_wconf 87' lang='lat' dir='ltr'><strong><em>Deo</em></strong></span> <span class='ocrx_word' id='word_1_219' title='bbox 1286 2824 1349 2894; x_wconf 88' lang='lat' dir='ltr'><strong><em>est,</em></strong></span> <span class='ocrx_word' id='word_1_220' title='bbox 1368 2837 1469 2897; x_wconf 82' lang='lat' dir='ltr'><strong><em>quom</em></strong></span> <span class='ocrx_word' id='word_1_221' title='bbox 1493 2823 1605 2884; x_wconf 89' lang='lat' dir='ltr'><strong><em>nullus</em></strong></span> <span class='ocrx_word' id='word_1_222' title='bbox 1623 2825 1728 2884; x_wconf 88' lang='lat' dir='ltr'><strong><em>horni-</em></strong></span> 
     </span>
     <span class='ocr_line' id='line_1_21' title="bbox 179 2923 1728 3004; baseline 0.002 -18"><span class='ocrx_word' id='word_1_223' title='bbox 179 2943 255 2986; x_wconf 91' lang='lat' dir='ltr'><strong><em>num</em></strong></span> <span class='ocrx_word' id='word_1_224' title='bbox 274 2925 411 2986; x_wconf 90' lang='lat' dir='ltr'><strong><em>sciendo</em></strong></span> <span class='ocrx_word' id='word_1_225' title='bbox 430 2925 482 2984; x_wconf 86' lang='lat' dir='ltr'><strong><em>vel</em></strong></span> <span class='ocrx_word' id='word_1_226' title='bbox 498 2923 729 3000; x_wconf 81' lang='lat' dir='ltr'><strong><em>cognoscendo</em></strong></span> <span class='ocrx_word' id='word_1_227' title='bbox 747 2925 799 2984; x_wconf 91' lang='lat' dir='ltr'><strong><em>vel</em></strong></span> <span class='ocrx_word' id='word_1_228' title='bbox 817 2924 958 2984; x_wconf 91' lang='lat' dir='ltr'><strong><em>videndo</em></strong></span> <span class='ocrx_word' id='word_1_229' title='bbox 975 2925 1153 2984; x_wconf 88' lang='lat' dir='ltr'><strong><em>exhaurire</em></strong></span> <span class='ocrx_word' id='word_1_230' title='bbox 1170 2925 1305 3000; x_wconf 90' lang='lat' dir='ltr'><strong><em>poterit.</em></strong></span> <span class='ocrx_word' id='word_1_231' title='bbox 1323 2925 1405 2986; x_wconf 92' lang='lat' dir='ltr'><strong><em>Nam</em></strong></span> <span class='ocrx_word' id='word_1_232' title='bbox 1424 2925 1454 2985; x_wconf 90' lang='lat' dir='ltr'><strong><em>si</em></strong></span> <span class='ocrx_word' id='word_1_233' title='bbox 1471 2927 1504 2986; x_wconf 93' lang='lat' dir='ltr'><strong><em>in</em></strong></span> <span class='ocrx_word' id='word_1_234' title='bbox 1521 2929 1576 2988; x_wconf 92' lang='lat' dir='ltr'><strong><em>via</em></strong></span> <span class='ocrx_word' id='word_1_235' title='bbox 1593 2945 1728 3004; x_wconf 87' lang='lat' dir='ltr'><strong><em>praeee-</em></strong></span> 
     </span>
     <span class='ocr_line' id='line_1_22' title="bbox 179 3028 1730 3106; baseline 0.004 -16"><span class='ocrx_word' id='word_1_236' title='bbox 179 3037 312 3106; x_wconf 84' lang='lat' dir='ltr'><strong><em>ptorurn</em></strong></span> <span class='ocrx_word' id='word_1_237' title='bbox 328 3029 387 3090; x_wconf 88' lang='lat' dir='ltr'><strong><em>Dei</em></strong></span> <span class='ocrx_word' id='word_1_238' title='bbox 413 3029 638 3104; x_wconf 64' lang='lat' dir='ltr'><strong><em>ambulasses</em></strong></span> <span class='ocrx_word' id='word_1_239' title='bbox 657 3030 703 3088; x_wconf 87' lang='lat' dir='ltr'><strong><em>ita</em></strong></span> <span class='ocrx_word' id='word_1_240' title='bbox 728 3029 816 3105; x_wconf 90' lang='lat' dir='ltr'><strong><em>quod</em></strong></span> <span class='ocrx_word' id='word_1_241' title='bbox 833 3028 978 3103; x_wconf 83' lang='lat' dir='ltr'><strong><em>vestigia</em></strong></span> <span class='ocrx_word' id='word_1_242' title='bbox 1003 3029 1129 3088; x_wconf 88' lang='lat' dir='ltr'><strong><em>Christi</em></strong></span> <span class='ocrx_word' id='word_1_243' title='bbox 1148 3029 1297 3088; x_wconf 86' lang='lat' dir='ltr'><strong><em>imitatus</em></strong></span> <span class='ocrx_word' id='word_1_244' title='bbox 1323 3029 1460 3105; x_wconf 87' lang='lat' dir='ltr'><strong><em>luisses,</em></strong></span> <span class='ocrx_word' id='word_1_245' title='bbox 1478 3030 1652 3094; x_wconf 86' lang='lat' dir='ltr'><strong><em>beatitudo</em></strong></span> <span class='ocrx_word' id='word_1_246' title='bbox 1667 3036 1730 3096; x_wconf 92' lang='lat' dir='ltr'><strong><em>tibi</em></strong></span> 
     </span>
     <span class='ocr_line' id='line_1_23' title="bbox 180 3133 1728 3218; baseline 0.004 -23"><span class='ocrx_word' id='word_1_247' title='bbox 180 3137 318 3210; x_wconf 81' lang='lat' dir='ltr'><strong><em>laceret,</em></strong></span> <span class='ocrx_word' id='word_1_248' title='bbox 336 3141 369 3195; x_wconf 87' lang='lat' dir='ltr'><strong><em>et</em></strong></span> <span class='ocrx_word' id='word_1_249' title='bbox 387 3134 492 3194; x_wconf 92' lang='lat' dir='ltr'><strong><em>bonor</em></strong></span> <span class='ocrx_word' id='word_1_250' title='bbox 507 3133 638 3194; x_wconf 91' lang='lat' dir='ltr'><strong><em>Domini</em></strong></span> <span class='ocrx_word' id='word_1_251' title='bbox 655 3133 799 3194; x_wconf 86' lang='lat' dir='ltr'><strong><em>Sabaoth</em></strong></span> <span class='ocrx_word' id='word_1_252' title='bbox 817 3133 978 3192; x_wconf 83' lang='lat' dir='ltr'><strong><em>advitam</em></strong></span> <span class='ocrx_word' id='word_1_253' title='bbox 998 3139 1030 3192; x_wconf 89' lang='lat' dir='ltr'><strong><em>te</em></strong></span> <span class='ocrx_word' id='word_1_254' title='bbox 1047 3134 1194 3208; x_wconf 85' lang='lat' dir='ltr'><strong><em>duceret,</em></strong></span> <span class='ocrx_word' id='word_1_255' title='bbox 1213 3141 1246 3193; x_wconf 92' lang='lat' dir='ltr'><strong><em>et</em></strong></span> <span class='ocrx_word' id='word_1_256' title='bbox 1263 3135 1312 3194; x_wconf 92' lang='lat' dir='ltr'><strong><em>sic</em></strong></span> <span class='ocrx_word' id='word_1_257' title='bbox 1330 3134 1502 3195; x_wconf 86' lang='lat' dir='ltr'><strong><em>habitares</em></strong></span> <span class='ocrx_word' id='word_1_258' title='bbox 1520 3138 1553 3196; x_wconf 91' lang='lat' dir='ltr'><strong><em>in</em></strong></span> <span class='ocrx_word' id='word_1_259' title='bbox 1578 3154 1728 3218; x_wconf 88' lang='lat' dir='ltr'><strong><em>compre·</em></strong></span> 
     </span>
     <span class='ocr_line' id='line_1_24' title="bbox 182 3237 1728 3315; baseline 0.005 -16"><span class='ocrx_word' id='word_1_260' title='bbox 182 3241 342 3301; x_wconf 86' lang='lat' dir='ltr'><strong><em>honsione</em></strong></span> <span class='ocrx_word' id='word_1_261' title='bbox 359 3239 518 3315; x_wconf 84' lang='lat' dir='ltr'><strong><em>pacificae</em></strong></span> <span class='ocrx_word' id='word_1_262' title='bbox 534 3239 697 3312; x_wconf 87' lang='lat' dir='ltr'><strong><em>caritatis;</em></strong></span> <span class='ocrx_word' id='word_1_263' title='bbox 725 3237 770 3296; x_wconf 87' lang='lat' dir='ltr'><strong><em>ito</em></strong></span> <span class='ocrx_word' id='word_1_264' title='bbox 788 3237 876 3313; x_wconf 84' lang='lat' dir='ltr'><strong><em>quod</em></strong></span> <span class='ocrx_word' id='word_1_265' title='bbox 900 3237 987 3296; x_wconf 88' lang='lat' dir='ltr'><strong><em>Deus</em></strong></span> <span class='ocrx_word' id='word_1_266' title='bbox 1006 3238 1038 3296; x_wconf 90' lang='lat' dir='ltr'><strong><em>in</em></strong></span> <span class='ocrx_word' id='word_1_267' title='bbox 1063 3243 1153 3298; x_wconf 85' lang='lat' dir='ltr'><strong><em>terre</em></strong></span> <span class='ocrx_word' id='word_1_268' title='bbox 1173 3254 1285 3298; x_wconf 90' lang='lat' dir='ltr'><strong><em>coram</em></strong></span> <span class='ocrx_word' id='word_1_269' title='bbox 1311 3239 1504 3299; x_wconf 86' lang='lat' dir='ltr'><strong><em>bominibus</em></strong></span> <span class='ocrx_word' id='word_1_270' title='bbox 1518 3243 1552 3302; x_wconf 86' lang='lat' dir='ltr'><strong><em>et</em></strong></span> <span class='ocrx_word' id='word_1_271' title='bbox 1577 3241 1609 3302; x_wconf 93' lang='lat' dir='ltr'><strong><em>in</em></strong></span> <span class='ocrx_word' id='word_1_272' title='bbox 1633 3249 1728 3305; x_wconf 89' lang='lat' dir='ltr'><strong><em>coelo</em></strong></span> 
     </span>
     <span class='ocr_line' id='line_1_25' title="bbox 181 3342 1729 3421; baseline 0.005 -16"><span class='ocrx_word' id='word_1_273' title='bbox 181 3359 294 3406; x_wconf 88' lang='lat' dir='ltr'><strong><em>coram</em></strong></span> <span class='ocrx_word' id='word_1_274' title='bbox 310 3345 439 3421; x_wconf 81' lang='lat' dir='ltr'><strong><em>angelis</em></strong></span> <span class='ocrx_word' id='word_1_275' title='bbox 455 3343 528 3420; x_wconf 88' lang='lat' dir='ltr'><strong><em>ejus</em></strong></span> <span class='ocrx_word' id='word_1_276' title='bbox 546 3349 577 3404; x_wconf 90' lang='lat' dir='ltr'><strong><em>te</em></strong></span> <span class='ocrx_word' id='word_1_277' title='bbox 601 3342 844 3415; x_wconf 82' lang='lat' dir='ltr'><strong><em>manifestaret,</em></strong></span> <span class='ocrx_word' id='word_1_278' title='bbox 862 3348 896 3402; x_wconf 89' lang='lat' dir='ltr'><strong><em>et</em></strong></span> <span class='ocrx_word' id='word_1_279' title='bbox 912 3349 944 3402; x_wconf 89' lang='lat' dir='ltr'><strong><em>te</em></strong></span> <span class='ocrx_word' id='word_1_280' title='bbox 969 3344 1077 3403; x_wconf 88' lang='lat' dir='ltr'><strong><em>lucem</em></strong></span> <span class='ocrx_word' id='word_1_281' title='bbox 1097 3345 1261 3404; x_wconf 82' lang='lat' dir='ltr'><strong><em>claritatis</em></strong></span> <span class='ocrx_word' id='word_1_282' title='bbox 1286 3345 1319 3405; x_wconf 86' lang='lat' dir='ltr'><strong><em>in</em></strong></span> <span class='ocrx_word' id='word_1_283' title='bbox 1337 3361 1469 3405; x_wconf 87' lang='lat' dir='ltr'><strong><em>rumore</em></strong></span> <span class='ocrx_word' id='word_1_284' title='bbox 1495 3350 1729 3412; x_wconf 86' lang='lat' dir='ltr'><strong><em>sanctissimo-</em></strong></span> 
     </span>
     <span class='ocr_line' id='line_1_26' title="bbox 184 3445 1728 3531; baseline 0.005 -23"><span class='ocrx_word' id='word_1_285' title='bbox 184 3465 255 3508; x_wconf 90' lang='lat' dir='ltr'><strong><em>rum</em></strong></span> <span class='ocrx_word' id='word_1_286' title='bbox 272 3463 411 3524; x_wconf 89' lang='lat' dir='ltr'><strong><em>operum</em></strong></span> <span class='ocrx_word' id='word_1_287' title='bbox 427 3445 630 3522; x_wconf 83' lang='lat' dir='ltr'><strong><em>ostenderet,</em></strong></span> <span class='ocrx_word' id='word_1_288' title='bbox 648 3453 681 3506; x_wconf 89' lang='lat' dir='ltr'><strong><em>et</em></strong></span> <span class='ocrx_word' id='word_1_289' title='bbox 698 3453 730 3506; x_wconf 89' lang='lat' dir='ltr'><strong><em>te</em></strong></span> <span class='ocrx_word' id='word_1_290' title='bbox 755 3447 846 3506; x_wconf 90' lang='lat' dir='ltr'><strong><em>velut</em></strong></span> <span class='ocrx_word' id='word_1_291' title='bbox 863 3446 992 3506; x_wconf 87' lang='lat' dir='ltr'><strong><em>dulcem</em></strong></span> <span class='ocrx_word' id='word_1_292' title='bbox 1020 3463 1140 3506; x_wconf 88' lang='lat' dir='ltr'><strong><em>sonum</em></strong></span> <span class='ocrx_word' id='word_1_293' title='bbox 1156 3448 1306 3508; x_wconf 86' lang='lat' dir='ltr'><strong><em>citharae</em></strong></span> <span class='ocrx_word' id='word_1_294' title='bbox 1329 3449 1539 3524; x_wconf 86' lang='lat' dir='ltr'><strong><em>produceret.</em></strong></span> <span class='ocrx_word' id='word_1_295' title='bbox 1560 3452 1622 3514; x_wconf 89' lang='lat' dir='ltr'><strong><em>Sed</em></strong></span> <span class='ocrx_word' id='word_1_296' title='bbox 1648 3457 1728 3531; x_wconf 86' lang='lat' dir='ltr'><strong><em>quia</em></strong></span> 
     </span>
     <span class='ocr_line' id='line_1_27' title="bbox 184 3549 1731 3633; baseline 0.003 -21"><span class='ocrx_word' id='word_1_297' title='bbox 184 3552 265 3612; x_wconf 89' lang='lat' dir='ltr'><strong><em>haec</em></strong></span> <span class='ocrx_word' id='word_1_298' title='bbox 282 3552 395 3612; x_wconf 90' lang='lat' dir='ltr'><strong><em>omnia</em></strong></span> <span class='ocrx_word' id='word_1_299' title='bbox 411 3551 600 3626; x_wconf 83' lang='lat' dir='ltr'><strong><em>neglexisti,</em></strong></span> <span class='ocrx_word' id='word_1_300' title='bbox 619 3551 652 3610; x_wconf 90' lang='lat' dir='ltr'><strong><em>in</em></strong></span> <span class='ocrx_word' id='word_1_301' title='bbox 670 3567 750 3610; x_wconf 89' lang='lat' dir='ltr'><strong><em>casu</em></strong></span> <span class='ocrx_word' id='word_1_302' title='bbox 767 3565 963 3626; x_wconf 81' lang='lat' dir='ltr'><strong><em>magnarum</em></strong></span> <span class='ocrx_word' id='word_1_303' title='bbox 982 3551 1154 3610; x_wconf 86' lang='lat' dir='ltr'><strong><em>ruinarum</em></strong></span> <span class='ocrx_word' id='word_1_304' title='bbox 1171 3567 1218 3612; x_wconf 84' lang='lat' dir='ltr'><strong><em>es.</em></strong></span> <span class='ocrx_word' id='word_1_305' title='bbox 1237 3551 1285 3610; x_wconf 87' lang='lat' dir='ltr'><strong><em>Tu</em></strong></span> <span class='ocrx_word' id='word_1_306' title='bbox 1307 3549 1431 3626; x_wconf 85' lang='lat' dir='ltr'><strong><em>autem,</em></strong></span> <span class='ocrx_word' id='word_1_307' title='bbox 1449 3569 1469 3612; x_wconf 87' lang='lat' dir='ltr'><strong><em>e</em></strong></span> <span class='ocrx_word' id='word_1_308' title='bbox 1485 3553 1601 3629; x_wconf 87' lang='lat' dir='ltr'><strong><em>lsrael,</em></strong></span> <span class='ocrx_word' id='word_1_309' title='bbox 1621 3558 1679 3633; x_wconf 86' lang='lat' dir='ltr'><strong><em>qui</em></strong></span> <span class='ocrx_word' id='word_1_310' title='bbox 1697 3559 1731 3617; x_wconf 88' lang='lat' dir='ltr'><strong><em>in</em></strong></span> 
     </span>
     <span class='ocr_line' id='line_1_28' title="bbox 183 3655 1732 3738; baseline 0.004 -21"><span class='ocrx_word' id='word_1_311' title='bbox 183 3658 311 3717; x_wconf 87' lang='lat' dir='ltr'><strong><em>sanetis</em></strong></span> <span class='ocrx_word' id='word_1_312' title='bbox 329 3655 487 3734; x_wconf 89' lang='lat' dir='ltr'><strong><em>operibus</em></strong></span> <span class='ocrx_word' id='word_1_313' title='bbox 503 3655 606 3716; x_wconf 89' lang='lat' dir='ltr'><strong><em>Deum</em></strong></span> <span class='ocrx_word' id='word_1_314' title='bbox 621 3655 735 3716; x_wconf 82' lang='lat' dir='ltr'><strong><em>videre</em></strong></span> <span class='ocrx_word' id='word_1_315' title='bbox 753 3655 937 3728; x_wconf 89' lang='lat' dir='ltr'><strong><em>desideras,</em></strong></span> <span class='ocrx_word' id='word_1_316' title='bbox 956 3657 1105 3731; x_wconf 89' lang='lat' dir='ltr'><strong><em>perditos</em></strong></span> <span class='ocrx_word' id='word_1_317' title='bbox 1123 3657 1209 3716; x_wconf 89' lang='lat' dir='ltr'><strong><em>lilios</em></strong></span> <span class='ocrx_word' id='word_1_318' title='bbox 1226 3657 1337 3730; x_wconf 86' lang='lat' dir='ltr'><strong><em>Iacob,</em></strong></span> <span class='ocrx_word' id='word_1_319' title='bbox 1355 3658 1412 3732; x_wconf 87' lang='lat' dir='ltr'><strong><em>qui</em></strong></span> <span class='ocrx_word' id='word_1_320' title='bbox 1431 3657 1607 3719; x_wconf 72' lang='lat' dir='ltr'><strong><em>maeotim</em></strong></span> <span class='ocrx_word' id='word_1_321' title='bbox 1628 3664 1732 3738; x_wconf 82' lang='lat' dir='ltr'><strong><em>negli-</em></strong></span> 
     </span>
     <span class='ocr_line' id='line_1_29' title="bbox 183 3757 1730 3838; baseline 0.004 -20"><span class='ocrx_word' id='word_1_322' title='bbox 183 3775 262 3834; x_wconf 79' lang='lat' dir='ltr'><strong><em>gere</em></strong></span> <span class='ocrx_word' id='word_1_323' title='bbox 286 3759 484 3834; x_wconf 87' lang='lat' dir='ltr'><strong><em>debuerunt,</em></strong></span> <span class='ocrx_word' id='word_1_324' title='bbox 503 3757 590 3835; x_wconf 72' lang='lat' dir='ltr'><strong><em>quod</em></strong></span> <span class='ocrx_word' id='word_1_325' title='bbox 615 3775 681 3818; x_wconf 91' lang='lat' dir='ltr'><strong><em>non</em></strong></span> <span class='ocrx_word' id='word_1_326' title='bbox 699 3757 859 3832; x_wconf 87' lang='lat' dir='ltr'><strong><em>lecerunt,</em></strong></span> <span class='ocrx_word' id='word_1_327' title='bbox 885 3775 926 3819; x_wconf 92' lang='lat' dir='ltr'><strong><em>ne</em></strong></span> <span class='ocrx_word' id='word_1_328' title='bbox 945 3759 1099 3832; x_wconf 76' lang='lat' dir='ltr'><strong><em>imiteris;</em></strong></span> <span class='ocrx_word' id='word_1_329' title='bbox 1119 3758 1178 3818; x_wconf 89' lang='lat' dir='ltr'><strong><em>sed</em></strong></span> <span class='ocrx_word' id='word_1_330' title='bbox 1203 3774 1304 3835; x_wconf 90' lang='lat' dir='ltr'><strong><em>opera</em></strong></span> <span class='ocrx_word' id='word_1_331' title='bbox 1322 3759 1379 3818; x_wconf 91' lang='lat' dir='ltr'><strong><em>illa</em></strong></span> <span class='ocrx_word' id='word_1_332' title='bbox 1399 3759 1522 3835; x_wconf 85' lang='lat' dir='ltr'><strong><em>pertice</em></strong></span> <span class='ocrx_word' id='word_1_333' title='bbox 1538 3777 1624 3838; x_wconf 79' lang='lat' dir='ltr'><strong><em>qnae</em></strong></span> <span class='ocrx_word' id='word_1_334' title='bbox 1641 3763 1730 3824; x_wconf 80' lang='lat' dir='ltr'><strong><em>licus</em></strong></span> 
     </span>
     <span class='ocr_line' id='line_1_30' title="bbox 185 3862 1729 3941; baseline 0.003 -19"><span class='ocrx_word' id='word_1_335' title='bbox 185 3865 274 3924; x_wconf 81' lang='lat' dir='ltr'><strong><em>ndae</em></strong></span> <span class='ocrx_word' id='word_1_336' title='bbox 292 3866 323 3923; x_wconf 93' lang='lat' dir='ltr'><strong><em>in</em></strong></span> <span class='ocrx_word' id='word_1_337' title='bbox 341 3863 497 3939; x_wconf 83' lang='lat' dir='ltr'><strong><em>paradiso</em></strong></span> <span class='ocrx_word' id='word_1_338' title='bbox 514 3862 702 3940; x_wconf 90' lang='lat' dir='ltr'><strong><em>proposuit,</em></strong></span> <span class='ocrx_word' id='word_1_339' title='bbox 721 3877 806 3940; x_wconf 84' lang='lat' dir='ltr'><strong><em>quae</em></strong></span> <span class='ocrx_word' id='word_1_340' title='bbox 823 3863 924 3922; x_wconf 89' lang='lat' dir='ltr'><strong><em>etiam</em></strong></span> <span class='ocrx_word' id='word_1_341' title='bbox 949 3865 1065 3939; x_wconf 86' lang='lat' dir='ltr'><strong><em>postea</em></strong></span> <span class='ocrx_word' id='word_1_342' title='bbox 1089 3863 1123 3922; x_wconf 93' lang='lat' dir='ltr'><strong><em>in</em></strong></span> <span class='ocrx_word' id='word_1_343' title='bbox 1139 3862 1222 3923; x_wconf 82' lang='lat' dir='ltr'><strong><em>Abel</em></strong></span> <span class='ocrx_word' id='word_1_344' title='bbox 1246 3862 1428 3938; x_wconf 86' lang='lat' dir='ltr'><strong><em>decoravit,</em></strong></span> <span class='ocrx_word' id='word_1_345' title='bbox 1446 3865 1480 3924; x_wconf 88' lang='lat' dir='ltr'><strong><em>et</em></strong></span> <span class='ocrx_word' id='word_1_346' title='bbox 1504 3879 1591 3941; x_wconf 86' lang='lat' dir='ltr'><strong><em>quae</em></strong></span> <span class='ocrx_word' id='word_1_347' title='bbox 1615 3867 1648 3926; x_wconf 93' lang='lat' dir='ltr'><strong><em>in</em></strong></span> <span class='ocrx_word' id='word_1_348' title='bbox 1665 3869 1729 3928; x_wconf 89' lang='lat' dir='ltr'><strong><em>eir-</em></strong></span> 
     </span>
     <span class='ocr_line' id='line_1_31' title="bbox 185 3965 1731 4045; baseline 0.002 -18"><span class='ocrx_word' id='word_1_349' title='bbox 185 3967 391 4028; x_wconf 83' lang='lat' dir='ltr'><strong><em>eurncisione</em></strong></span> <span class='ocrx_word' id='word_1_350' title='bbox 408 3967 561 4027; x_wconf 83' lang='lat' dir='ltr'><strong><em>Abrahae</em></strong></span> <span class='ocrx_word' id='word_1_351' title='bbox 579 3966 614 4026; x_wconf 91' lang='lat' dir='ltr'><strong><em>in</em></strong></span> <span class='ocrx_word' id='word_1_352' title='bbox 629 3965 820 4026; x_wconf 88' lang='lat' dir='ltr'><strong><em>ostensione</em></strong></span> <span class='ocrx_word' id='word_1_353' title='bbox 836 3981 936 4026; x_wconf 78' lang='lat' dir='ltr'><strong><em>verae</em></strong></span> <span class='ocrx_word' id='word_1_354' title='bbox 953 3965 1127 4026; x_wconf 83' lang='lat' dir='ltr'><strong><em>Trinitatis</em></strong></span> <span class='ocrx_word' id='word_1_355' title='bbox 1149 3965 1389 4040; x_wconf 81' lang='lat' dir='ltr'><strong><em>manifestavit,</em></strong></span> <span class='ocrx_word' id='word_1_356' title='bbox 1408 3971 1442 4024; x_wconf 90' lang='lat' dir='ltr'><strong><em>et</em></strong></span> <span class='ocrx_word' id='word_1_357' title='bbox 1458 3981 1544 4043; x_wconf 84' lang='lat' dir='ltr'><strong><em>quae</em></strong></span> <span class='ocrx_word' id='word_1_358' title='bbox 1568 3968 1602 4026; x_wconf 93' lang='lat' dir='ltr'><strong><em>in</em></strong></span> <span class='ocrx_word' id='word_1_359' title='bbox 1618 3969 1731 4045; x_wconf 77' lang='lat' dir='ltr'><strong><em>Moyse</em></strong></span> 
     </span>
     <span class='ocr_line' id='line_1_32' title="bbox 188 4069 1736 4147; baseline 0.001 -15"><span class='ocrx_word' id='word_1_360' title='bbox 188 4075 221 4132; x_wconf 88' lang='lat' dir='ltr'><strong><em>in</em></strong></span> <span class='ocrx_word' id='word_1_361' title='bbox 239 4071 423 4132; x_wconf 87' lang='lat' dir='ltr'><strong><em>rubicunda</em></strong></span> <span class='ocrx_word' id='word_1_362' title='bbox 440 4071 574 4131; x_wconf 86' lang='lat' dir='ltr'><strong><em>tiammo</em></strong></span> <span class='ocrx_word' id='word_1_363' title='bbox 590 4069 747 4144; x_wconf 86' lang='lat' dir='ltr'><strong><em>ostendit,</em></strong></span> <span class='ocrx_word' id='word_1_364' title='bbox 766 4075 800 4130; x_wconf 90' lang='lat' dir='ltr'><strong><em>et</em></strong></span> <span class='ocrx_word' id='word_1_365' title='bbox 817 4085 902 4145; x_wconf 87' lang='lat' dir='ltr'><strong><em>quae</em></strong></span> <span class='ocrx_word' id='word_1_366' title='bbox 918 4069 1037 4130; x_wconf 89' lang='lat' dir='ltr'><strong><em>deinde</em></strong></span> <span class='ocrx_word' id='word_1_367' title='bbox 1055 4069 1087 4129; x_wconf 94' lang='lat' dir='ltr'><strong><em>in</em></strong></span> <span class='ocrx_word' id='word_1_368' title='bbox 1104 4069 1184 4129; x_wconf 86' lang='lat' dir='ltr'><strong><em>liliis</em></strong></span> <span class='ocrx_word' id='word_1_369' title='bbox 1200 4069 1304 4128; x_wconf 86' lang='lat' dir='ltr'><strong><em>lsrael</em></strong></span> <span class='ocrx_word' id='word_1_370' title='bbox 1322 4070 1488 4129; x_wconf 89' lang='lat' dir='ltr'><strong><em>scelerata</em></strong></span> <span class='ocrx_word' id='word_1_371' title='bbox 1504 4087 1606 4147; x_wconf 90' lang='lat' dir='ltr'><strong><em>opera</em></strong></span> <span class='ocrx_word' id='word_1_372' title='bbox 1624 4081 1736 4135; x_wconf 87' lang='lat' dir='ltr'><strong><em>conte-</em></strong></span> 
     </span>
     <span class='ocr_line' id='line_1_33' title="bbox 187 4175 1735 4252; baseline 0.005 -17"><span class='ocrx_word' id='word_1_373' title='bbox 187 4193 266 4236; x_wconf 92' lang='lat' dir='ltr'><strong><em>rens</em></strong></span> <span class='ocrx_word' id='word_1_374' title='bbox 282 4176 424 4252; x_wconf 87' lang='lat' dir='ltr'><strong><em>aperuit.</em></strong></span> <span class='ocrx_word' id='word_1_375' title='bbox 438 4175 478 4235; x_wconf 81' lang='lat' dir='ltr'><strong><em>Et</em></strong></span> <span class='ocrx_word' id='word_1_376' title='bbox 495 4175 620 4234; x_wconf 84' lang='lat' dir='ltr'><strong><em>scalam</em></strong></span> <span class='ocrx_word' id='word_1_377' title='bbox 638 4175 800 4234; x_wconf 87' lang='lat' dir='ltr'><strong><em>virtutum</em></strong></span> <span class='ocrx_word' id='word_1_378' title='bbox 819 4190 905 4250; x_wconf 86' lang='lat' dir='ltr'><strong><em>quae</em></strong></span> <span class='ocrx_word' id='word_1_379' title='bbox 918 4175 1017 4234; x_wconf 88' lang='lat' dir='ltr'><strong><em>iacob</em></strong></span> <span class='ocrx_word' id='word_1_380' title='bbox 1029 4180 1165 4234; x_wconf 83' lang='lat' dir='ltr'><strong><em>ostenso</em></strong></span> <span class='ocrx_word' id='word_1_381' title='bbox 1182 4181 1246 4249; x_wconf 89' lang='lat' dir='ltr'><strong><em>est,</em></strong></span> <span class='ocrx_word' id='word_1_382' title='bbox 1262 4175 1414 4250; x_wconf 87' lang='lat' dir='ltr'><strong><em>ascende,</em></strong></span> <span class='ocrx_word' id='word_1_383' title='bbox 1430 4176 1600 4238; x_wconf 84' lang='lat' dir='ltr'><strong><em>Christum</em></strong></span> <span class='ocrx_word' id='word_1_384' title='bbox 1613 4179 1735 4242; x_wconf 84' lang='lat' dir='ltr'><strong><em>Filium</em></strong></span> 
     </span>
     <span class='ocr_line' id='line_1_34' title="bbox 186 4277 1733 4357; baseline 0.004 -18"><span class='ocrx_word' id='word_1_385' title='bbox 186 4281 244 4339; x_wconf 79' lang='lat' dir='ltr'><strong><em>liei</em></strong></span> <span class='ocrx_word' id='word_1_386' title='bbox 262 4281 454 4357; x_wconf 88' lang='lat' dir='ltr'><strong><em>praeclaras</em></strong></span> <span class='ocrx_word' id='word_1_387' title='bbox 471 4281 615 4338; x_wconf 88' lang='lat' dir='ltr'><strong><em>virtutes</em></strong></span> <span class='ocrx_word' id='word_1_388' title='bbox 640 4277 834 4338; x_wconf 80' lang='lat' dir='ltr'><strong><em>afferentem</em></strong></span> <span class='ocrx_word' id='word_1_389' title='bbox 853 4279 999 4353; x_wconf 83' lang='lat' dir='ltr'><strong><em>imitans,</em></strong></span> <span class='ocrx_word' id='word_1_390' title='bbox 1026 4279 1081 4355; x_wconf 83' lang='lat' dir='ltr'><strong><em>qui</em></strong></span> <span class='ocrx_word' id='word_1_391' title='bbox 1104 4279 1258 4339; x_wconf 91' lang='lat' dir='ltr'><strong><em>omnibus</em></strong></span> <span class='ocrx_word' id='word_1_392' title='bbox 1276 4295 1311 4340; x_wconf 89' lang='lat' dir='ltr'><strong><em>se</em></strong></span> <span class='ocrx_word' id='word_1_393' title='bbox 1336 4283 1577 4356; x_wconf 86' lang='lat' dir='ltr'><strong><em>quaerentibus</em></strong></span> <span class='ocrx_word' id='word_1_394' title='bbox 1602 4285 1733 4345; x_wconf 89' lang='lat' dir='ltr'><strong><em>miseri-</em></strong></span> 
     </span>
     <span class='ocr_line' id='line_1_35' title="bbox 188 4381 1735 4458; baseline 0.003 -14"><span class='ocrx_word' id='word_1_395' title='bbox 188 4385 339 4445; x_wconf 88' lang='lat' dir='ltr'><strong><em>cordiam</em></strong></span> <span class='ocrx_word' id='word_1_396' title='bbox 364 4382 535 4458; x_wconf 90' lang='lat' dir='ltr'><strong><em>impendit;</em></strong></span> <span class='ocrx_word' id='word_1_397' title='bbox 554 4381 832 4458; x_wconf 86' lang='lat' dir='ltr'><strong><em>quemadmodum</em></strong></span> <span class='ocrx_word' id='word_1_398' title='bbox 857 4381 959 4440; x_wconf 91' lang='lat' dir='ltr'><strong><em>etiam</em></strong></span> <span class='ocrx_word' id='word_1_399' title='bbox 981 4383 1016 4440; x_wconf 91' lang='lat' dir='ltr'><strong><em>in</em></strong></span> <span class='ocrx_word' id='word_1_400' title='bbox 1032 4381 1213 4458; x_wconf 89' lang='lat' dir='ltr'><strong><em>semetipso</em></strong></span> <span class='ocrx_word' id='word_1_401' title='bbox 1238 4383 1434 4458; x_wconf 86' lang='lat' dir='ltr'><strong><em>declaravit,</em></strong></span> <span class='ocrx_word' id='word_1_402' title='bbox 1460 4399 1535 4443; x_wconf 91' lang='lat' dir='ltr'><strong><em>cum</em></strong></span> <span class='ocrx_word' id='word_1_403' title='bbox 1555 4386 1588 4444; x_wconf 93' lang='lat' dir='ltr'><strong><em>in</em></strong></span> <span class='ocrx_word' id='word_1_404' title='bbox 1612 4388 1735 4447; x_wconf 92' lang='lat' dir='ltr'><strong><em>mundo</em></strong></span> 
     </span>
     <span class='ocr_line' id='line_1_36' title="bbox 191 4469 1734 4565; baseline 0.005 -22"><span class='ocrx_word' id='word_1_405' title='bbox 191 4485 265 4561; x_wconf 89' lang='lat' dir='ltr'><strong><em>luit,</em></strong></span> <span class='ocrx_word' id='word_1_406' title='bbox 284 4493 319 4546; x_wconf 92' lang='lat' dir='ltr'><strong><em>ut</em></strong></span> <span class='ocrx_word' id='word_1_407' title='bbox 337 4485 401 4546; x_wconf 90' lang='lat' dir='ltr'><strong><em>sibi</em></strong></span> <span class='ocrx_word' id='word_1_408' title='bbox 418 4485 554 4561; x_wconf 92' lang='lat' dir='ltr'><strong><em>placuit.</em></strong></span> <span class='ocrx_word' id='word_1_409' title='bbox 572 4485 654 4543; x_wconf 87' lang='lat' dir='ltr'><strong><em>Nam</em></strong></span> <span class='ocrx_word' id='word_1_410' title='bbox 672 4483 744 4560; x_wconf 87' lang='lat' dir='ltr'><strong><em>ipse</em></strong></span> <span class='ocrx_word' id='word_1_411' title='bbox 763 4491 798 4544; x_wconf 90' lang='lat' dir='ltr'><strong><em>ut</em></strong></span> <span class='ocrx_word' id='word_1_412' title='bbox 822 4485 994 4543; x_wconf 88' lang='lat' dir='ltr'><strong><em>unicornis</em></strong></span> <span class='ocrx_word' id='word_1_413' title='bbox 1011 4484 1043 4543; x_wconf 90' lang='lat' dir='ltr'><strong><em>in</em></strong></span> <span class='ocrx_word' id='word_1_414' title='bbox 1069 4484 1144 4544; x_wconf 89' lang='lat' dir='ltr'><strong><em>sinu</em></strong></span> <span class='ocrx_word' id='word_1_415' title='bbox 1161 4485 1307 4558; x_wconf 74' lang='lat' dir='ltr'><strong><em>Virginis</em></strong></span> <span class='ocrx_word' id='word_1_416' title='bbox 1323 4483 1349 4563; x_wconf 88' lang='lat'><strong><em>²)</em></strong></span> <span class='ocrx_word' id='word_1_417' title='bbox 1367 4487 1544 4562; x_wconf 89' lang='lat' dir='ltr'><strong><em>requievit,</em></strong></span> <span class='ocrx_word' id='word_1_418' title='bbox 1570 4469 1603 4548; x_wconf 86' lang='lat' dir='ltr'><strong><em>et</em></strong></span> <span class='ocrx_word' id='word_1_419' title='bbox 1619 4496 1734 4565; x_wconf 84' lang='lat' dir='ltr'><strong><em>postea</em></strong></span> 
     </span>
     <span class='ocr_line' id='line_1_37' title="bbox 189 4588 1735 4668; baseline 0.003 -20"><span class='ocrx_word' id='word_1_420' title='bbox 189 4593 280 4650; x_wconf 89' lang='lat' dir='ltr'><strong><em>velut</em></strong></span> <span class='ocrx_word' id='word_1_421' title='bbox 305 4589 523 4664; x_wconf 89' lang='lat' dir='ltr'><strong><em>capricornus</em></strong></span> <span class='ocrx_word' id='word_1_422' title='bbox 548 4593 693 4648; x_wconf 88' lang='lat' dir='ltr'><strong><em>montem</em></strong></span> <span class='ocrx_word' id='word_1_423' title='bbox 712 4588 874 4646; x_wconf 83' lang='lat' dir='ltr'><strong><em>virtutum</em></strong></span> <span class='ocrx_word' id='word_1_424' title='bbox 892 4589 925 4648; x_wconf 90' lang='lat' dir='ltr'><strong><em>et</em></strong></span> <span class='ocrx_word' id='word_1_425' title='bbox 941 4588 1180 4649; x_wconf 88' lang='lat' dir='ltr'><strong><em>miraculorum</em></strong></span> <span class='ocrx_word' id='word_1_426' title='bbox 1202 4589 1362 4663; x_wconf 88' lang='lat' dir='ltr'><strong><em>ascendit,</em></strong></span> <span class='ocrx_word' id='word_1_427' title='bbox 1382 4605 1441 4664; x_wconf 91' lang='lat' dir='ltr'><strong><em>per</em></strong></span> <span class='ocrx_word' id='word_1_428' title='bbox 1458 4605 1544 4668; x_wconf 87' lang='lat' dir='ltr'><strong><em>quae</em></strong></span> <span class='ocrx_word' id='word_1_429' title='bbox 1561 4590 1735 4652; x_wconf 81' lang='lat' dir='ltr'><strong><em>ltiabolurn</em></strong></span> 
     </span>
     <span class='ocr_line' id='line_1_38' title="bbox 187 4691 1109 4769; baseline -0.005 -13"><span class='ocrx_word' id='word_1_430' title='bbox 187 4695 324 4756; x_wconf 89' lang='lat' dir='ltr'><strong><em>omnino</em></strong></span> <span class='ocrx_word' id='word_1_431' title='bbox 341 4693 526 4769; x_wconf 85' lang='lat' dir='ltr'><strong><em>superavit,</em></strong></span> <span class='ocrx_word' id='word_1_432' title='bbox 545 4695 578 4752; x_wconf 89' lang='lat' dir='ltr'><strong><em>et</em></strong></span> <span class='ocrx_word' id='word_1_433' title='bbox 594 4697 795 4766; x_wconf 87' lang='lat' dir='ltr'><strong><em>potestatem</em></strong></span> <span class='ocrx_word' id='word_1_434' title='bbox 814 4691 887 4768; x_wconf 89' lang='lat' dir='ltr'><strong><em>ejus</em></strong></span> <span class='ocrx_word' id='word_1_435' title='bbox 904 4692 1109 4752; x_wconf 88' lang='lat' dir='ltr'><strong><em>comminuit.</em></strong></span> 
     </span>
    </p>
   </div>
   <div class='ocr_carea' id='block_1_5' title="bbox 225 4924 1318 4998">
    <p class='ocr_par' dir='ltr' id='par_1_5' title="bbox 225 4924 1318 4998">
     <span class='ocr_line' id='line_1_39' title="bbox 225 4924 1318 4998; baseline -0.002 -15"><span class='ocrx_word' id='word_1_436' title='bbox 225 4929 246 4996; x_wconf 71' lang='lat' dir='ltr'><strong><em>&#39;J</em></strong></span> <span class='ocrx_word' id='word_1_437' title='bbox 260 4927 374 4983; x_wconf 69' lang='lat' dir='ltr'><strong><em>baruch</em></strong></span> <span class='ocrx_word' id='word_1_438' title='bbox 389 4926 442 4989; x_wconf 90' lang='lat' dir='ltr'><strong><em>ill,</em></strong></span> <span class='ocrx_word' id='word_1_439' title='bbox 461 4933 501 4982; x_wconf 87' lang='lat' dir='ltr'><strong><em>ll.</em></strong></span> <span class='ocrx_word' id='word_1_440' title='bbox 517 4957 550 4966; x_wconf 91' lang='lat'><em>-</em></span> <span class='ocrx_word' id='word_1_441' title='bbox 563 4927 585 4990; x_wconf 71' lang='lat'><strong><em>²)</em></strong></span> <span class='ocrx_word' id='word_1_442' title='bbox 599 4925 640 4981; x_wconf 82' lang='lat' dir='ltr'><strong><em>cl.</em></strong></span> <span class='ocrx_word' id='word_1_443' title='bbox 657 4941 740 4997; x_wconf 86' lang='lat' dir='ltr'><strong><em>snpra</em></strong></span> <span class='ocrx_word' id='word_1_444' title='bbox 753 4925 805 4980; x_wconf 93' lang='lat' dir='ltr'><strong><em>lib.</em></strong></span> <span class='ocrx_word' id='word_1_445' title='bbox 821 4924 833 4978; x_wconf 87' lang='lat' dir='ltr'><strong><em>l</em></strong></span> <span class='ocrx_word' id='word_1_446' title='bbox 848 4940 875 4980; x_wconf 91' lang='lat' dir='ltr'><strong><em>n.</em></strong></span> <span class='ocrx_word' id='word_1_447' title='bbox 893 4931 908 4978; x_wconf 86' lang='lat'><strong>7</strong></span> <span class='ocrx_word' id='word_1_448' title='bbox 921 4941 947 4996; x_wconf 91' lang='lat' dir='ltr'><strong><em>p.</em></strong></span> <span class='ocrx_word' id='word_1_449' title='bbox 965 4930 1050 4981; x_wconf 76' lang='lat' dir='ltr'><strong><em>tuot.</em></strong></span> <span class='ocrx_word' id='word_1_450' title='bbox 1067 4929 1127 4982; x_wconf 76' lang='lat' dir='ltr'><strong><em>:lde</em></strong></span> <span class='ocrx_word' id='word_1_451' title='bbox 1139 4929 1318 4998; x_wconf 80' lang='lat' dir='ltr'><strong><em>caprimraia.</em></strong></span> 
     </span>
    </p>
   </div>
   <div class='ocr_carea' id='block_1_6' title="bbox 0 0 2029 6084">
    <p class='ocr_par' dir='ltr' id='par_1_6' title="bbox 0 0 2029 6084">
     <span class='ocr_line' id='line_1_40' title="bbox 0 0 2029 6084; baseline 0 0"><span class='ocrx_word' id='word_1_452' title='bbox 0 0 2029 6084; x_wconf 95' lang='lat' dir='ltr'><strong><em> </em></strong></span> 
     </span>
    </p>
   </div>
  </div>
 </body>
</html>
