3992 6092
668 549 695 599 11
726 549 845 598 ursas
872 549 969 598 mre
998 551 1231 597 usnrroann
1647 537 1688 595 m

173 673 350 749 recipiant,
368 685 407 730 ac
426 671 517 732 tanto
534 668 701 730 desiderio
719 671 829 746 sigilla
846 686 1021 744 corporum
1040 685 1177 729 suorum
1195 671 1381 746 requirunt,
1395 673 1518 746 quanto
1536 673 1637 730 etiamr
1650 688 1725 730 esu-

179 777 275 844 riens
286 788 369 850 puer
385 788 404 832 a
421 775 515 846 patre
533 787 650 846 panem
669 774 763 846 petit,
782 773 836 832 cui
853 775 964 832 tamen
981 775 1076 848 pater
1091 768 1113 850 ¹)
1139 773 1282 848 benigne
1308 774 1497 848 respondet,
1516 775 1581 832 oito
1606 789 1725 848 penem

176 897 211 940 se
229 879 278 939 illi
295 878 463 937 daturum.

868 1081 1024 1144 XXXVII.

339 1293 528 1374 Antequam
552 1299 657 1356 suncti
683 1315 817 1374 corpora
843 1315 904 1355 suc
927 1300 1107 1374 recipiant,
1135 1299 1279 1358 mucidus
1305 1299 1564 1361 commovebitur.

220 1505 274 1564 te.
300 1502 391 1563 Unde
408 1505 442 1562 et
465 1519 662 1579 responsum
680 1503 859 1577 accipiunt,
886 1503 975 1579 quod
992 1507 1170 1580 antequam
1196 1521 1338 1580 corpora
1355 1521 1415 1566 sua
1441 1507 1613 1582 recipiant,
1632 1525 1726 1569 mun·

172 1607 236 1666 dus
261 1605 538 1678 commovebitur,
563 1606 598 1665 et
612 1605 647 1664 in
671 1605 761 1665 aliud
788 1606 983 1680 mutabitur,
1009 1609 1043 1665 et
1060 1607 1221 1682 antiquus
1239 1607 1345 1667 hostis
1368 1609 1400 1667 in
1418 1608 1572 1668 omnibus
1595 1609 1727 1670 viribus

173 1709 245 1768 suis
262 1708 519 1781 comminuetur,
545 1713 579 1765 et
594 1707 683 1766 Deus
706 1724 818 1782 verus,
837 1707 925 1767 Deus
950 1711 982 1768 et
999 1708 1097 1768 bomo
1120 1710 1277 1785 existens,
1303 1711 1412 1770 omnia
1439 1711 1588 1772 membra
1613 1728 1673 1772 sua
1691 1713 1725 1772 in

173 1811 291 1872 electis
308 1811 378 1870 suis
395 1811 623 1886 congregabit,
642 1812 739 1871 etsie
758 1812 982 1886 integritatem
1000 1827 1177 1890 corporum
1199 1829 1336 1874 suorum
1355 1814 1527 1888 recipient.

869 2019 1032 2080 XXXVIII.

372 2229 485 2288 Sancti
510 2247 551 2288 eac
577 2226 729 2306 operibus
755 2229 790 2285 in
818 2227 949 2303 Spiritu
976 2229 1095 2288 Sancto
1112 2229 1238 2287 sodates
1263 2247 1296 2287 se
1322 2235 1531 2304 coprcoscunt.

220 2435 274 2495 tt.
300 2436 340 2494 Et
356 2433 526 2510 praefatae
547 2434 676 2494 animae
693 2433 867 2493 beatorum
885 2432 947 2492 bos
964 2434 1088 2493 eleetos
1104 2433 1162 2492 Dei
1181 2434 1300 2508 sciunt,
1322 2433 1404 2509 quia
1421 2436 1574 2508 quamvis
1590 2435 1727 2499 diversa

174 2541 261 2600 bona
279 2555 381 2614 opera
398 2554 457 2614 per
473 2540 724 2613 inspirationem
742 2537 885 2612 Spiritus
902 2538 1014 2598 Sancti
1027 2539 1156 2614 operati
1173 2542 1260 2614 sunt,
1283 2541 1316 2599 et
1329 2541 1482 2615 quamvis
1495 2557 1595 2616 opere
1609 2558 1725 2603 eorum

173 2646 311 2705 diversa
329 2642 463 2717 tuerint,
481 2650 593 2702 tamen
610 2659 649 2703 ex
673 2645 764 2702 tactu
783 2643 941 2702 ferventis
966 2642 1109 2716 Spiritus
1134 2643 1257 2716 Sancti,
1283 2644 1376 2703 velut
1393 2644 1523 2704 sodales
1541 2660 1578 2704 se
1602 2661 1724 2721 cogno-

172 2753 281 2821 scunt,
300 2748 333 2806 et
349 2761 447 2806 voces
464 2747 671 2806 canticorum
687 2753 720 2804 et
737 2745 934 2822 gaudiorum
953 2762 1068 2805 eorum
1085 2747 1234 2821 audiunt,
1254 2762 1292 2804 ac
1309 2763 1367 2806 eos
1385 2748 1415 2805 in
1434 2747 1613 2820 purissima
1630 2750 1723 2823 puri-

173 2857 240 2914 tate
264 2852 487 2912 conscIentiae
503 2857 537 2911 et
561 2852 850 2927 contemplationis
866 2849 890 2930 ²)
917 2867 996 2910 suae
1013 2852 1137 2926 vident,
1156 2855 1256 2927 atque
1272 2850 1421 2910 divinum
1446 2869 1642 2928 responsum
1668 2857 1720 2914 eis

170 2957 316 3031 desuper
332 2955 446 3014 datum
464 2971 539 3015 cum
557 2955 639 3029 ipsis
656 2955 855 3029 percipiunt,
882 2955 1160 3029 quemadmodum
1186 2957 1218 3014 et
1236 2956 1284 3014 illi
1309 2956 1514 3016 sustinentes
1534 2961 1621 3031 sunt,
1644 2958 1722 3020 dum

173 3060 376 3120 fortissimus
392 3057 479 3117 Deus
497 3058 716 3119 tortIssimam
732 3059 916 3133 jussionem
934 3075 1027 3118 suam
1046 3060 1177 3134 educat,
1196 3075 1234 3118 ac
1250 3075 1365 3119 omnes
1383 3060 1569 3121 diabolicas
1590 3066 1724 3123 temeri-

174 3165 260 3221 tates
276 3161 310 3219 in
327 3161 390 3220 sme
415 3160 530 3219 mundi
553 3163 753 3235 compescat,
780 3167 815 3220 ut
841 3161 888 3220 sic
913 3177 1054 3235 corpora
1079 3177 1140 3220 sua
1159 3161 1201 3220 ad
1224 3168 1398 3222 aeternam
1425 3164 1664 3226 beatitudinem
1689 3173 1723 3227 et

172 3264 315 3336 gloriam
333 3262 504 3336 recipiant.

853 3471 1044 3534 XXXVIIII.

529 3679 567 3742 in
592 3683 788 3762 infidelitate
814 3683 967 3742 Diabolus
992 3685 1174 3760 inconprua
1194 3686 1360 3760 proponit.

219 3891 274 3951 ta.
300 3888 392 3962 Quod
417 3893 528 3950 autem
546 3891 580 3949 in
603 3890 775 3965 praedicta
791 3889 922 3962 nebula,
950 3890 983 3948 in
999 3904 1065 3965 qua
1088 3889 1222 3948 diversa
1237 3905 1359 3964 genera
1383 3889 1554 3966 vitiorum,
1573 3895 1609 3952 ut
1626 3909 1720 3967 prae·

173 3997 278 4056 latum
296 4003 360 4069 est,
379 3995 471 4070 prius
495 3994 621 4069 vidisti,
640 3995 740 4054 etiam
764 4009 851 4052 nunc
869 3998 944 4053 octo
962 3993 1044 4054 vitia
1068 3993 1319 4068 inimaginibus
1336 3995 1406 4052 suis
1427 3994 1635 4070 consideras,
1653 3997 1717 4058 hoo
1736 4045 1739 4053 .

171 4099 330 4174 estquod
348 4099 381 4157 in
397 4097 575 4157 tenebrosa
591 4097 798 4171 infidelitate,
817 4098 850 4156 in
866 4113 934 4172 qua
949 4097 1131 4156 varietates
1147 4095 1388 4157 diabolicarum
1410 4096 1606 4158 insidiarum
1624 4100 1718 4176 prius

174 4203 320 4275 videras,
339 4207 372 4260 et
389 4201 488 4260 modo
504 4206 624 4276 quater
640 4201 736 4260 binas
755 4202 787 4259 in
803 4202 973 4275 perversis
991 4201 1289 4276 significationibus
1307 4201 1442 4276 aspicis,
1460 4217 1546 4277 quae
1563 4217 1622 4276 per
1639 4219 1719 4278 qua-

177 4310 255 4366 tuor
272 4307 384 4381 partes
401 4304 526 4378 mundi,
544 4307 577 4364 et
592 4320 652 4379 per
668 4308 812 4380 quatuor
827 4305 990 4364 elementa
1004 4305 1218 4379 bacchantes,
1233 4305 1347 4366 orbem
1360 4307 1528 4366 terrarum
1544 4305 1722 4365 conturba-

176 4427 212 4469 re
227 4410 346 4484 solent,
361 4411 439 4486 quia
453 4408 529 4470 illos
546 4409 603 4484 qui
620 4407 685 4468 lieo
704 4409 736 4468 in
753 4409 865 4484 quiete
883 4409 1010 4466 servire
1028 4408 1196 4482 deberent,
1213 4409 1481 4470 intestationibus
1497 4410 1569 4470 suis
1586 4409 1720 4469 assidue

176 4513 326 4588 fatigant.
343 4507 368 4590 ³)
393 4512 475 4572 Nam
492 4512 660 4586 Diabolus,
679 4528 754 4572 cum
772 4512 900 4572 viribus
918 4495 952 4571 et
967 4511 1060 4571 vitiis
1083 4512 1165 4586 suis,
1183 4514 1280 4588 quasi
1297 4513 1384 4574 Deus
1402 4514 1456 4590 sit,
1475 4529 1511 4572 se
1529 4512 1717 4586 ostendens,

177 4619 436 4692 incongruentes
454 4633 507 4676 res
523 4615 713 4676 hominibus
731 4616 1022 4676 innumerabiliter
1046 4617 1211 4691 proponit,
1230 4620 1264 4677 et
1281 4617 1343 4677 boc
1361 4617 1487 4678 tamdiu
1514 4616 1624 4690 faciet,
1641 4631 1722 4690 qus

173 4737 282 4797 usque
299 4719 382 4780 nihil
398 4721 543 4797 amplius
559 4720 776 4794 praevalebit.

211 4921 232 4987 t)
243 4928 325 4994 mm
339 4936 394 4977 om.
415 4923 460 4978 W,
474 4923 540 4986 Δ)
554 4923 775 4996 oomnnptutionc
786 4939 852 4978 mac
864 4921 901 4976 W
914 4921 963 4978 sic.
977 4951 1011 4962 -·
1024 4920 1046 4986 ⁸)
1059 4923 1162 4994 sutiput
1175 4921 1207 4976 Α.
