3998 6100
860 549 885 592 S.
911 549 1180 597 uluodunnuls

944 769 1106 830 Lxxxxl.

837 976 950 1036 Poeno
973 975 1217 1038 obduratorum.

295 1189 371 1251 lot.
396 1188 436 1248 Et
452 1201 531 1248 ecce
548 1185 617 1246 vidi
633 1188 772 1261 puteum
789 1182 927 1258 siccum,
946 1185 1052 1244 altum
1069 1191 1103 1244 et
1119 1185 1277 1261 amplum,
1297 1186 1354 1262 qui
1373 1185 1510 1247 fundum
1524 1187 1598 1263 pice
1616 1187 1800 1250 ferventem

249 1296 405 1370 babebat,
425 1296 458 1354 in
471 1309 536 1370 quo
554 1291 702 1366 amplum
716 1288 866 1349 foramen
883 1290 1049 1364 apparuit,
1067 1304 1128 1365 per
1140 1289 1228 1365 quod
1246 1307 1266 1348 a
1280 1289 1462 1350 subteriori
1479 1290 1552 1367 eJ'us
1570 1298 1666 1368 parte
1680 1293 1799 1368 igneus

250 1401 362 1460 fumus
381 1404 415 1458 et
432 1397 520 1473 ignei
537 1411 669 1454 vermes
687 1394 721 1453 in
739 1393 849 1470 ipsum
866 1399 1004 1470 puteum
1021 1395 1255 1458 ascendebant.
1270 1393 1332 1454 Sed
1349 1401 1383 1454 et
1399 1396 1535 1472 plurimi
1554 1398 1643 1457 acuti
1660 1404 1694 1457 et
1711 1397 1799 1474 ignei

249 1506 338 1566 clavi
355 1505 389 1563 in
405 1502 524 1562 eodem
539 1505 641 1576 puteo
658 1499 756 1576 quasi
773 1504 904 1559 avento
922 1497 986 1557 hac
1002 1505 1036 1558 et
1054 1500 1131 1558 illac
1143 1499 1414 1576 projiciebantur.
1430 1502 1568 1561 Animae
1585 1509 1697 1563 autem
1713 1517 1800 1579 quae

250 1608 284 1666 in
302 1606 437 1666 saeculo
461 1605 717 1664 obdurationem
734 1602 861 1678 absque
885 1602 1117 1662 misericordia
1138 1603 1177 1662 ad
1203 1603 1356 1664 homines
1380 1605 1567 1666 habuerant
1583 1621 1686 1682 super
1708 1623 1801 1667 eum·

248 1712 324 1770 dem
344 1710 481 1770 fundum
499 1707 670 1781 sedebant,
690 1710 724 1765 et
741 1721 802 1782 per
820 1704 970 1765 foramen
984 1704 1059 1781 ejus
1076 1707 1110 1766 in
1126 1707 1313 1782 praefatum
1338 1708 1560 1768 subteriorem
1578 1708 1686 1784 ignem
1705 1709 1801 1769 cade-
1868 1731 1870 1734 ·

246 1834 283 1877 re
301 1814 504 1888 metuebant,
523 1817 623 1889 atque
642 1812 765 1871 multas
782 1809 981 1869 afflictiones
999 1828 1017 1870 a
1035 1811 1206 1886 praedicto
1225 1812 1315 1872 fumo
1334 1819 1367 1872 et
1384 1829 1403 1872 a
1421 1813 1605 1890 praedictis
1622 1813 1796 1874 vermibus

244 1927 280 1982 et
296 1920 402 1981 clavis
423 1917 645 1978 sustinebant.
662 1915 744 1975 Nam
761 1915 841 1990 quia
859 1914 952 1991 impii
972 1913 1012 1974 ad
1030 1914 1181 1976 homines
1206 1916 1348 1992 fuerant,
1367 1933 1470 1994 super
1485 1917 1640 1978 eumdem
1658 1917 1796 1978 fundum

249 2024 381 2101 piceum
397 2027 432 2082 et
451 2021 634 2080 ferventem
659 2017 830 2094 sedebant3
849 2034 910 2094 pro
927 2035 994 2094 qua
1010 2018 1112 2078 etiam
1138 2019 1309 2096 impietate
1326 2021 1549 2081 subteriorem
1573 2022 1684 2097 ignem
1702 2023 1799 2082 time-

247 2129 339 2202 bant;
359 2133 392 2186 et
409 2125 489 2202 quia
514 2123 547 2182 in
563 2123 772 2197 malignitate
797 2139 858 2181 sua
873 2121 978 2181 Deum
996 2120 1161 2198 fugerant,
1181 2122 1292 2182 sumus
1318 2125 1381 2183 iste
1400 2124 1517 2199 igneus
1540 2140 1599 2184 cos
1617 2103 1793 2199 fatigabas

246 2240 281 2294 et
305 2231 463 2311 quoniam
488 2229 686 2290 inhumanos
711 2226 844 2286 dolores
862 2225 1054 2286 bominibus
1080 2227 1272 2301 intulerant,
1291 2228 1454 2303 praedicti
1477 2244 1610 2288 vermes
1627 2243 1686 2289 eos
1710 2227 1796 2288 ailli-

243 2335 377 2412 gobant,
396 2349 435 2394 ac
458 2337 595 2410 propter
611 2329 810 2391 obduratam
835 2335 979 2388 mentem
997 2329 1030 2388 in
1047 2342 1113 2404 qua
1135 2330 1402 2390 misericordiam
1418 2346 1482 2390 noa
1508 2329 1705 2405 habuerant,
1724 2332 1792 2391 lae-

243 2439 358 2498 siones
382 2443 415 2498 et
432 2437 557 2497 fixuras
580 2433 774 2494 eorumdem
799 2433 972 2508 igneorum
996 2433 1168 2495 clavorum
1194 2434 1415 2495 sustinebant.
1433 2435 1473 2495 Et
1490 2435 1570 2510 vidi,
1593 2439 1627 2496 et
1643 2435 1792 2495 intellexi

246 2543 338 2603 baec.

931 2749 1108 2813 Lxxxxss.

776 2955 988 3016 Paenitentia
1013 2955 1257 3016 obduratorum.

289 3167 365 3230 tou.
389 3167 429 3228 Et
451 3166 493 3226 de
516 3166 689 3243 praedicta
712 3165 846 3224 vivente
870 3165 944 3225 luce
969 3165 1091 3226 iterum
1117 3167 1231 3227 audivi
1255 3171 1373 3227 vocem
1399 3169 1480 3230 mibi
1497 3169 1673 3232 dicentem:
1700 3169 1789 3232 llaec

239 3291 329 3352 quae
352 3272 448 3333 vides
464 3287 544 3330 vera
569 3275 656 3330 sunt.
674 3269 764 3330 Unde
790 3269 941 3330 homines
965 3271 1022 3346 qui
1040 3271 1224 3332 insaecula
1244 3271 1289 3331 ita
1313 3272 1468 3333 obdurati
1490 3283 1580 3349 sunt,
1606 3275 1693 3352 quod
1710 3277 1789 3336 aliis

242 3376 469 3455 indigentibus
493 3375 619 3435 nullam
641 3373 908 3434 misericordiam
932 3375 1137 3450 impendunt,
1157 3375 1186 3434 si
1209 3376 1392 3452 praedictis
1418 3377 1573 3453 malignis
1598 3379 1787 3456 spiritibus,

237 3482 392 3542 eamdem
409 3478 664 3540 obdurationem
680 3478 730 3537 eis
748 3477 1002 3538 ostendentibus
1018 3479 1135 3539 volunt
1152 3479 1323 3554 resistere,
1342 3485 1376 3539 et
1392 3497 1517 3558 poenas
1535 3482 1619 3542 istas
1637 3497 1722 3558 quas
1738 3482 1789 3541 vi-

238 3588 300 3649 des
323 3586 482 3663 elingere,
507 3584 633 3646 amaris
654 3583 791 3660 jejuniis
808 3590 842 3643 et
864 3583 949 3644 diris
973 3583 1115 3660 flagellis
1141 3599 1177 3644 se
1198 3585 1375 3660 castigent,
1393 3590 1427 3644 et
1451 3583 1525 3660 boo,
1541 3585 1636 3660 iuxta
1652 3584 1789 3645 modum

238 3690 434 3753 eorumdem
450 3693 677 3766 peccatorum,
695 3693 729 3748 et
742 3687 838 3763 iuxta
855 3687 990 3749 modum
1007 3689 1177 3763 praelatae
1195 3688 1261 3748 sibi
1274 3688 1439 3763 iussionis
1458 3688 1591 3750 iaciant.

914 3912 1104 3974 LXXXXIII.

746 4125 933 4187 Pessimum
949 4127 1082 4195 uitium,
1099 4124 1278 4188 obduratio.

281 4337 357 4400 109.
382 4333 565 4399 obduratio
581 4334 670 4418 enim
686 4333 834 4411 pessima
850 4338 916 4409 est,
934 4334 1012 4412 quia
1031 4335 1297 4396 misericordiam
1315 4333 1508 4411 nonhabet,
1528 4349 1589 4396 nac
1605 4333 1782 4396 caritatem

237 4443 391 4521 requirit.
409 4456 516 4518 neque
540 4439 626 4499 bona
643 4455 746 4514 opera
769 4445 938 4514 operatur.
956 4439 1073 4514 Magna
1097 4438 1186 4498 enim
1202 4439 1379 4499 obduratio
1397 4438 1428 4497 in
1454 4437 1656 4514 quibusdam
1672 4442 1785 4512 tyran-

235 4550 288 4609 nis
307 4547 380 4621 fuit,
398 4545 478 4622 qula
494 4545 650 4621 quamvis
667 4543 835 4604 mirabilia
852 4541 911 4602 Dei
927 4543 1090 4617 viderent,
1109 4543 1349 4619 proprietatem
1370 4548 1481 4602 tamen
1498 4542 1682 4602 voluntatis
1700 4557 1782 4602 suae

234 4665 301 4712 non
316 4651 527 4723 dimiserunt,
547 4648 604 4708 sed
627 4647 728 4708 corda
745 4653 856 4708 suaet
874 4654 1002 4707 mentes
1019 4663 1099 4707 suas
1116 4647 1281 4706 voluntati
1297 4645 1356 4706 Dei
1372 4649 1650 4722 praeposuerunt,
1668 4650 1701 4704 et
1719 4645 1782 4705 boc

232 4755 329 4816 ruodo
348 4759 466 4816 contra
489 4751 593 4812 Deum
609 4758 850 4828 pugnaverunt.
869 4749 931 4811 Sed
959 4752 1046 4812 sicut
1063 4746 1151 4812 Deus
1171 4749 1203 4810 in
1220 4749 1307 4810 malo
1323 4749 1425 4827 primi
1443 4747 1553 4824 angeli
1569 4747 1603 4808 et
1621 4747 1654 4808 in
1671 4748 1782 4808 stulti-

233 4861 281 4920 tia
298 4859 398 4937 primi
422 4857 567 4918 hominis
590 4857 830 4934 proprietatem
854 4857 1038 4916 voluntatis
1062 4872 1179 4917 eorum
1203 4853 1380 4929 destruxit,
1404 4859 1438 4913 et
1463 4854 1551 4913 sicut
1573 4850 1782 4913 Pharaonem

230 4964 405 5038 exterruit,
425 4979 500 5023 cum
518 4962 740 5038 primogenita
753 4961 893 5038 Aegypti
910 4961 1090 5038 percussit,
1110 4959 1160 5020 sic
1177 4966 1210 5018 et
1223 4975 1308 5019 nunc
1326 4957 1579 5018 obdurationem
1596 4953 1779 5029 confundit,

232 5083 320 5143 quae
344 5082 380 5127 se
405 5065 437 5127 in
454 5070 581 5125 tantam
606 5065 808 5126 obduritiam
827 5063 1004 5138 convertit,
1033 5063 1121 5140 quod
1147 5079 1208 5124 neo
1233 5079 1292 5140 per
1315 5066 1495 5139 praecepta
1519 5061 1615 5135 legis,
1636 5074 1697 5119 nec
1720 5075 1781 5135 per

229 5169 415 5247 jussionem
433 5169 673 5228 rationalitatis
699 5168 843 5228 hominis
860 5168 1004 5228 emolliri
1022 5168 1103 5227 vult.
1122 5167 1331 5244 Quapropter
1348 5171 1381 5226 et
1405 5164 1494 5224 Deus
1511 5163 1554 5224 ab
1569 5177 1608 5222 ea
1634 5162 1779 5222 salutem
