3998 6100
885 508 1136 560 PROOEMIUM
1673 505 1737 554 XlX

229 667 300 740 qna
325 643 412 718 solet
429 667 502 717 esse
529 643 564 716 in
592 644 786 716 Germania
808 645 1007 741 hujusmodi
1025 646 1281 741 scripturarum
1302 641 1445 732 indoles,
1473 653 1513 716 ut
1530 641 1669 739 mystici
1695 639 1788 713 Tou·

229 773 336 845 tonici
363 772 613 869 parabolarum
641 781 674 845 et
704 773 898 869 imaginum
927 773 1064 869 poetica
1090 771 1343 844 consuetudine
1359 770 1550 866 gaudeant.
1570 770 1663 842 Dum
1691 769 1787 840 enim

230 906 335 1002 apud,
352 907 463 978 Italos
487 906 667 979 uberrima
691 905 806 978 {luunt
831 905 1017 1000 colloquia,
1046 904 1128 980 dum
1151 903 1305 1000 Hispani
1330 925 1426 975 more
1451 901 1649 998 theologico
1681 923 1787 995 argu-

231 1043 444 1123 mentantur,
463 1032 686 1104 Germanicis
705 1031 820 1129 placet
837 1033 990 1130 ingeniis
1006 1031 1153 1128 spatiari
1168 1031 1263 1103 lento
1277 1030 1389 1126 gradu
1408 1051 1470 1127 per
1484 1051 1633 1103 amoena
1649 1035 1786 1127 specte·

231 1149 325 1251 cula,
353 1184 473 1233 aereos
498 1161 665 1234 affectare
690 1185 842 1259 campos,
862 1163 1060 1260 prospicere
1085 1161 1197 1250 flores,
1226 1160 1424 1256 arbuscula,
1448 1160 1617 1255 aviculas,
1644 1159 1789 1255 angelo·

231 1313 308 1359 rum
327 1289 451 1362 choros
468 1297 503 1362 et
521 1299 703 1386 tympana.
723 1289 814 1378 Quid
833 1293 934 1388 ergo?
952 1291 1080 1365 Nonne
1097 1290 1250 1388 Spiritus
1266 1289 1327 1362 nbi
1354 1290 1441 1378 vult,
1469 1290 1598 1387 spirat?
1624 1290 1785 1386 inspirat,

231 1417 285 1486 uti
314 1417 447 1511 placet?
472 1418 590 1490 Etiam
617 1418 699 1492 dum
714 1419 851 1493 afflaret
869 1422 999 1517 priscos
1015 1423 1198 1516 utriusque
1211 1419 1360 1494 foederis
1380 1429 1487 1510 vates,
1506 1419 1655 1514 singulis
1672 1443 1708 1491 se
1735 1419 1787 1490 in-

230 1547 344 1641 geniis
357 1548 544 1645 aptavisse,
563 1560 779 1645 compertum
794 1557 856 1624 cst.
868 1551 1154 1646 Quibuscumque
1169 1551 1277 1645 igitur
1294 1549 1323 1622 si
1342 1548 1436 1654 locis,
1456 1549 1683 1646 temporibus,
1703 1549 1789 1621 viria

229 1673 389 1746 divinum
409 1700 536 1748 numen
558 1677 685 1750 blande
702 1679 960 1772 accomodatur,
980 1679 1059 1774 quis
1077 1677 1312 1751 contradicet?

280 1801 380 1875 Haec
398 1829 481 1880 vero
499 1830 590 1902 quae
604 1831 699 1881 nuno
712 1808 897 1905 prodeunt,
911 1808 1013 1882 nulla
1026 1809 1108 1882 lieet
1125 1819 1202 1880 arte
1215 1808 1272 1880 uel
1289 1809 1462 1882 industria
1479 1809 1698 1907 sculpantur,
1717 1833 1786 1882 non

229 1944 362 2030 orarent,
382 1939 536 2013 maxime
554 1939 590 2011 in
611 1940 665 2012 VI
683 1939 782 2012 libris
800 1940 900 2012 Vitae
913 1943 1121 2032 meritorum,
1136 1941 1266 2013 diserto
1284 1963 1400 2012 rerum
1416 1940 1674 2034 ordinansque
1691 1938 1789 2036 inge-

232 2088 302 2136 nua
322 2064 514 2160 imaginum
535 2074 569 2137 et
586 2089 813 2162 personarum
832 2067 1046 2163 symmetria.
1074 2067 1213 2140 Emicat
1241 2068 1359 2140 unitas
1377 2069 1411 2140 in
1437 2069 1529 2157 Viro,
1549 2068 1611 2163 qui
1628 2075 1669 2140 ut
1683 2069 1788 2164 gigas

232 2194 381 2283 exultat,
401 2205 435 2267 et
453 2203 606 2290 quatuor
632 2195 676 2267 ad
694 2194 789 2269 orbis
806 2203 925 2290 partes
947 2219 1079 2284 versus,
1098 2205 1132 2268 et
1150 2196 1185 2267 in
1203 2219 1240 2268 se
1256 2217 1426 2287 reversus,
1447 2205 1481 2269 et
1500 2197 1716 2295 prospiciens
1733 2223 1787 2270 or-

233 2323 321 2410 bem,
340 2321 446 2395 cardo
464 2322 545 2394 novi
563 2322 695 2396 theatri
710 2323 879 2396 consistit.
890 2323 1035 2410 Quoties
1050 2323 1210 2413 vertitur,
1227 2323 1393 2396 vitiorum
1408 2331 1442 2396 et
1457 2325 1628 2398 virtutum
1643 2325 1787 2422 agmina

232 2450 343 2522 ueluti
370 2450 463 2524 acies
488 2451 722 2545 instruuntur,
750 2449 926 2548 colloquia
944 2453 1027 2525 hinc
1053 2454 1133 2526 inde
1159 2453 1338 2550 reciproca
1364 2453 1567 2551 errooedunt3
1594 2452 1667 2528 'tum
1688 2456 1789 2530 varia

231 2581 426 2676 imaginum
443 2580 641 2678 descriptio,
669 2581 796 2654 deinde
821 2583 1011 2678 allegorica
1028 2583 1232 2679 declaratio,
1252 2592 1371 2680 postea
1389 2584 1552 2656 subditur
1568 2585 1787 2680 gravissimis

230 2716 346 2787 uerbis
362 2705 473 2813 poena
491 2725 525 2788 et
543 2717 761 2814 poenitentia
786 2717 935 2812 singulis
963 2717 1058 2789 vitiis
1077 2727 1229 2790 servata.
1256 2715 1363 2790 Haud
1384 2735 1463 2788 raro
1488 2717 1783 2809 intermiscentur,

229 2843 290 2916 sed
309 2854 391 2940 apto
417 2843 454 2916 in
474 2845 549 2918 loco
567 2844 770 2942 Scripturee
795 2846 914 2939 rerba,
944 2844 1106 2942 prudenti
1133 2854 1168 2917 et
1193 2843 1326 2916 salubri
1361 2844 1497 2917 munita
1523 2845 1786 2917 commentario:

229 2995 323 3067 quae
341 2972 460 3045 omnia
486 2971 713 3046 christianam
743 2973 788 3045 ad
808 2975 915 3045 vitam
934 2973 1064 3071 optime
1091 2972 1291 3069 regendam,
1310 2993 1493 3066 moresque
1509 2978 1630 3043 sancte
1647 2993 1786 3069 compo-

230 3104 373 3194 nendos,
392 3114 514 3200 aperto
530 3103 741 3176 conducunt.
771 3103 956 3192 Poematis,
983 3102 1091 3174 verbo
1109 3102 1213 3174 venia
1239 3104 1295 3194 sit,
1323 3099 1394 3172 tela
1416 3098 1606 3196 sextuplici
1632 3123 1784 3189 emensa,

231 3239 261 3308 si
280 3236 358 3332 quis
376 3243 505 3309 cuncta
530 3259 646 3309 aecum
673 3237 854 3332 recogitet,
881 3260 1021 3332 unoque
1039 3236 1181 3331 speculo
1208 3234 1446 3307 variatissima
1464 3234 1666 3332 spectacula
1692 3232 1790 3306 colli-

232 3374 306 3461 gat,
326 3365 506 3455 virtutum¹
523 3366 762 3461 vitiorumque
786 3366 954 3455 omnium,
981 3364 1076 3436 haud
1094 3365 1170 3436 sine
1195 3387 1290 3436 nexu
1318 3363 1560 3460 philosophico
1577 3363 1644 3436 sibi
1670 3387 1788 3436 succe-

232 3495 402 3588 dentium,
421 3494 559 3592 cyclum
578 3517 662 3592 prae
680 3494 790 3567 oculis
807 3493 961 3586 habebit,
981 3518 1059 3566 cum
1078 3491 1190 3565 multo
1206 3493 1345 3564 animae
1360 3513 1444 3565 suae
1461 3491 1707 3583 emolumento,
1724 3517 1788 3566 nee

232 3631 310 3700 sine
327 3627 470 3700 divinae
487 3627 669 3724 eujusdam
687 3627 877 3724 epopoeiae
895 3627 1045 3723 rythmo,
1074 3628 1120 3699 ab
1148 3624 1388 3721 Aligherianis
1406 3626 1518 3697 scenis
1534 3623 1629 3696 haud
1647 3626 1788 3698 alienis-

233 3765 335 3833 simo.
797 3751 800 3758 ¹

282 3891 387 3963 Nunc
412 3896 581 3986 superest,
606 3889 797 3962 instantius
815 3911 939 3984 urgere
961 3895 1091 3975 votum,
1112 3886 1243 3983 pluries
1256 3887 1329 3982 jam
1350 3885 1576 3982 propositum,
1596 3910 1666 3981 quo
1683 3888 1786 3959 finem

234 4019 411 4116 prooemio
426 4019 616 4116 imponam.
636 4017 783 4092 Utinam
811 4017 992 4091 exoriatur
1017 4017 1156 4114 aliquia,
1176 4019 1268 4091 omni
1284 4027 1464 4090 armatura
1482 4017 1624 4090 fortium
1642 4021 1788 4094 constri-

229 4161 319 4244 ctus,
338 4151 398 4244 qui
415 4149 582 4222 universa
598 4150 827 4246 Hildegardis
844 4176 960 4248 opera,
980 4152 1151 4224 hactenus
1168 4159 1253 4224 nota
1269 4150 1325 4223 vel
1345 4151 1460 4223 adhuc
1480 4151 1611 4246 ignota,
1637 4153 1786 4225 circum-

230 4281 363 4374 cingat,
383 4301 425 4350 ac
444 4301 504 4376 pro
523 4301 641 4351 eorum
669 4280 780 4376 copia,
808 4279 991 4375 dignitate,
1018 4279 1245 4370 sublimitate,
1268 4304 1397 4353 novam
1419 4290 1516 4353 curet
1534 4306 1638 4378 quam
1667 4282 1789 4357 dicunt

231 4409 421 4481 editionem
449 4429 530 4479 vere
555 4409 760 4506 principem,
788 4411 949 4482 omnibns
976 4410 1130 4482 numeris
1155 4409 1364 4505 absolutam;
1392 4411 1442 4482 ita
1468 4417 1507 4482 ut
1529 4412 1785 4507 praeseferat,

233 4539 329 4636 quod
346 4545 513 4610 accurata
538 4535 716 4634 theologia
741 4538 924 4635 praecipit,
952 4540 1044 4635 quod
1072 4539 1146 4611 alta
1169 4537 1389 4636 philosophia
1406 4539 1516 4631 docet,
1544 4541 1637 4635 quod
1655 4541 1790 4637 cyclica

233 4673 342 4747 tutius
360 4675 463 4747 medii
483 4676 559 4748 aeri
580 4699 638 4747 ars
654 4675 689 4747 iu
716 4675 789 4748 lato
815 4675 993 4772 pomaerio
1011 4699 1073 4748 auo
1092 4683 1197 4767 tenet,
1225 4674 1316 4769 quod
1346 4673 1571 4768 integerrima
1589 4673 1788 4748 duodecimi

233 4806 366 4878 saeculi
381 4805 525 4880 historia
541 4812 674 4895 narrat,
691 4806 783 4902 quod
798 4807 947 4903 mystica
961 4807 1056 4879 vitae
1070 4804 1245 4902 perlectae
1258 4804 1429 4877 sanctitas
1442 4802 1549 4874 sentit
1562 4801 1670 4875 altius
1683 4811 1718 4875 et
1731 4828 1790 4900 pe·

234 4933 345 5006 nitius
362 4933 527 5007 inlundit.
542 4934 620 5008 Hoc
635 4941 712 5006 erat
730 4933 765 5005 in
783 4933 884 5006 sotis.

283 5059 360 5154 Ego
378 5084 462 5133 vero
486 5061 546 5155 qui
564 5061 680 5134 senior
705 5059 858 5140 Entello,
882 5061 941 5157 jus
965 5085 1043 5132 oum
1072 5060 1202 5157 injuria
1228 5060 1352 5147 habeo,
1381 5067 1419 5130 ut
1445 5066 1583 5131 caestus
1609 5069 1791 5156 artemque

233 5210 415 5282 reponam,
444 5186 477 5258 id
506 5188 596 5282 qrrnd
626 5189 734 5284 potui,
763 5197 942 5284 utcunque
969 5188 1045 5282 leci,
1078 5188 1224 5260 nimium
1256 5185 1455 5282 impeditae,
1485 5210 1597 5282 neque
1628 5185 1661 5257 in
1694 5187 1790 5262 senio
