3998 6100
256 461 300 542 20
837 497 864 544 s.
888 497 1158 545 ursnscnnors

220 617 340 692 sancti,
367 615 494 692 absque
517 626 686 676 venenoso
710 615 838 675 semine
861 616 938 691 viri,
964 619 1100 678 carnem
1116 614 1263 691 collegit3
1280 617 1315 675 et
1331 613 1381 676 sic
1398 615 1497 676 homo
1515 613 1637 692 Iactus,
1654 631 1774 680 omnes

218 737 405 782 venenosas
419 720 602 798 spurcitias
613 719 745 780 Diaboli
758 719 800 780 ab
816 719 1008 780 hominibus
1025 720 1189 797 tergebat,
1204 719 1282 798 quia
1296 719 1368 799 ipse
1386 719 1513 797 absque
1525 725 1664 797 peccato
1678 736 1776 782 mtur-

220 825 296 902 dus,
314 831 509 903 peccatores
526 841 544 885 a
562 825 711 901 pcccatis
726 824 926 885 emundatos
942 825 1057 886 salvos
1070 823 1160 885 lecit.

933 1033 1055 1094 XXVII.

532 1239 696 1301 Miraoula
712 1241 852 1317 anta'qua
867 1243 935 1298 tom
951 1240 1134 1316 manifesta
1148 1256 1248 1317 quom
1264 1237 1463 1299 ceromata.

265 1445 322 1507 39.
335 1445 429 1518 Quod
443 1449 555 1506 autem
571 1446 613 1506 ab
629 1445 779 1505 humeris
796 1445 953 1506 deorsum
970 1444 1011 1505 ad
1027 1443 1152 1505 femora
1169 1461 1241 1521 sua,
1257 1443 1319 1506 sub
1335 1444 1465 1505 eisdem
1479 1443 1639 1521 nubibus,
1654 1446 1687 1506 in
1704 1446 1771 1508 alia

220 1548 365 1625 quadam
389 1547 530 1608 candida
552 1547 640 1607 nube
664 1553 728 1624 est,
753 1547 817 1608 boc
840 1554 894 1608 est
917 1547 1006 1624 quod
1034 1546 1076 1608 ab
1099 1552 1177 1608 ortu
1200 1553 1431 1608 creaturarum
1454 1547 1496 1608 ad
1511 1563 1629 1608 verum
1645 1553 1770 1623 ortum,

218 1669 295 1712 cum
322 1653 481 1712 «veritas
504 1651 545 1711 de
562 1658 652 1712 terra
668 1658 742 1713 orta
761 1658 829 1722 est,
847 1669 863 1710 ›>
881 1647 904 1733 ²)
927 1653 961 1712 in
977 1657 1108 1712 secreto
1125 1651 1319 1713 Divinitatis
1336 1669 1417 1713 suae
1433 1652 1540 1713 multa
1555 1653 1719 1714 mIracula
1736 1655 1771 1714 in

219 1755 364 1816 candore
377 1753 686 1834 honorificentiac')
706 1755 834 1832 habuit;
849 1771 889 1815 ex
902 1757 1028 1832 quibus
1038 1756 1203 1833 quaedam
1220 1755 1461 1831 manifestavit,
1476 1756 1641 1833 quaedam
1658 1763 1771 1818 autem

220 1860 442 1922 obnubilavit:
466 1859 546 1937 quia
571 1859 673 1920 etiam
695 1860 854 1920 voluntas
876 1859 948 1936 Ilei,
970 1860 1005 1921 in
1020 1861 1229 1922 ordinatione
1253 1866 1286 1921 et
1306 1862 1562 1922 conservatione
1577 1867 1771 1922 sanctarum

223 1968 421 2040 animarum,
447 1964 539 2024 clara
562 1969 596 2023 et
619 1962 761 2025 candida
782 1964 815 2024 in
831 1964 963 2026 occulta
979 1970 1013 2026 et
1030 1964 1199 2043 spirituali
1216 1965 1286 2026 vita
1301 1971 1365 2042 est,
1383 1981 1470 2043 quae
1485 1971 1599 2027 nmen
1615 1964 1774 2042 impossi-

219 2071 302 2132 bilia
318 2073 396 2130 sunt
413 2068 578 2129 humanae
596 2067 758 2128 scientiae
774 2067 998 2130 manifestari.

923 2275 1064 2338 XXVIII.

779 2485 875 2545 Vetas
902 2486 972 2546 Leae
996 2501 1096 2546 sonus
1124 2483 1229 2546 vorot.

267 2699 321 2759 40.
346 2697 409 2757 Sed
433 2701 546 2757 tamen
569 2677 651 2772 ipse*
665 2694 758 2754 velut
775 2694 838 2754 sub
854 2693 1005 2755 humeris
1021 2695 1095 2756 suis
1112 2696 1145 2755 in
1161 2695 1296 2756 homine
1311 2696 1491 2774 quamdam
1506 2696 1663 2756 militiam
1679 2696 1775 2756 insti-

222 2804 299 2879 tuit,
319 2817 395 2862 cum
411 2800 444 2860 ei
459 2806 575 2861 vetera
591 2798 713 2874 legalia
730 2799 883 2876 injunxit,
901 2816 988 2877 quae
1004 2806 1042 2861 ut
1058 2817 1162 2861 sonus
1178 2801 1289 2876 Verbi,
1303 2807 1337 2860 et
1352 2811 1419 2861 non
1435 2799 1579 2862 Verbum
1594 2805 1700 2860 erant.
1717 2799 1776 2860 So-

218 2923 281 2967 nus
304 2907 394 2966 enim
413 2905 508 2965 verbi
529 2904 676 2982 primum
692 2904 837 2980 auditur,
855 2910 890 2966 ct
905 2911 1024 2982 postea
1038 2907 1180 2967 verbum
1196 2907 1420 2982 cognoscitur.
1438 2905 1493 2966 Sic
1508 2920 1653 2982 namque
1668 2908 1770 2966 vetus

221 3013 286 3072 Lex
309 3027 412 3072 sonus
428 3017 463 3070 et
478 3009 711 3072 umbraculum
727 3010 827 3072 Verbi
844 3011 918 3086 fuit;
936 3015 1013 3088 post
1028 3027 1128 3088 quem
1143 3010 1263 3072 delnde
1280 3011 1436 3086 Verbum,
1454 3011 1586 3072 scilicet
1601 3009 1771 3083 Christus,

224 3117 392 3195 apparuit.

919 3325 1076 3388 XXVIIII.

760 3538 788 3597 A
812 3538 878 3598 Deo
902 3543 1021 3599 cuncta
1040 3541 1234 3616 portantur.

269 3743 323 3806 lt.
339 3744 380 3805 Et
397 3761 416 3805 a
434 3743 618 3805 femoribus
636 3743 677 3805 ad
694 3759 801 3821 genua
819 3760 880 3804 sua
898 3745 932 3804 in
948 3750 1080 3806 terreno
1094 3760 1172 3805 aere
1187 3750 1252 3820 est,
1270 3744 1429 3822 quoniam
1442 3749 1480 3804 ut
1496 3743 1607 3805 omnia
1623 3741 1772 3803 carnalia

221 3849 261 3908 de
286 3847 412 3909 femore
435 3847 631 3924 procedunt,
656 3853 690 3907 et
713 3853 751 3909 ut
774 3866 794 3909 a
817 3848 958 3924 genibus
983 3851 1216 3909 sustentantur
1238 3852 1272 3908 et
1287 3846 1466 3921 vehuntur,
1484 3846 1534 3906 sic
1551 3841 1652 3906 etiam
1669 3862 1688 3906 a
1704 3843 1770 3905 Deo

223 3957 344 4012 cuncta
368 3957 482 4012 creata
505 3957 699 4027 portantur,
725 3967 764 4012 ac
788 3952 822 4013 in
845 3953 941 4028 igneo
966 3952 1080 4012 calore
1101 3958 1134 4012 et
1156 3951 1296 4012 humore
1313 3952 1413 4027 aeris,
1433 3953 1467 4012 in
1483 3967 1548 4028 quo
1566 3957 1682 4027 aperta
1698 3949 1770 4009 vita

221 4056 447 4130 corporalium
470 4061 534 4130 est,
558 4057 763 4132 nutriuntur;
790 4057 1071 4134 quemadmodum
1094 4064 1128 4116 ot
1151 4073 1259 4117 novus
1282 4057 1438 4134 populus,
1455 4056 1497 4116 de
1512 4070 1593 4115 vera
1608 4053 1768 4114 castitate

217 4172 370 4233 surgens,
395 4157 487 4217 etad
504 4158 696 4218 vectibilem
712 4159 1003 4236 confortationem,
1022 4160 1071 4219 uti
1087 4161 1243 4221 omnibus
1258 4165 1363 4237 patet,
1380 4159 1591 4236 perveniens,
1610 4156 1767 4233 quamvis

220 4261 254 4320 in
277 4260 421 4320 terrenis
442 4267 613 4337 appareat,
630 4263 737 4323 multa
754 4267 865 4324 tamen
880 4263 1120 4323 miraculorum
1135 4269 1170 4323 et
1185 4263 1349 4323 virtutum
1366 4263 1534 4322 suavitate
1550 4263 1769 4336 temperatur.

222 4364 306 4424 Cum
328 4363 417 4424 enim
440 4362 605 4425 Divinitas
629 4365 757 4442 virgini
781 4382 818 4427 se
842 4366 1003 4444 adjunxit,
1028 4381 1088 4445 per
1112 4368 1367 4444 inspIrationem
1383 4366 1528 4444 Spiritus
1543 4363 1667 4440 Sancti,
1690 4363 1771 4424 Ver·

221 4471 300 4530 burn
323 4469 356 4529 in
373 4469 580 4530 humanitate
597 4487 658 4532 sua
674 4472 950 4549 cognoscebatur,
969 4472 1056 4550 quod
1072 4489 1194 4533 novam
1210 4473 1331 4549 Legem
1346 4487 1407 4550 per
1423 4471 1642 4547 semetipsum
1658 4473 1770 4529 osten·

219 4575 279 4636 dit.
302 4575 344 4635 Et
360 4574 406 4634 ibi
424 4591 527 4635 sonus
548 4584 582 4635 et
598 4576 743 4637 Verbum
760 4578 793 4638 in
810 4593 911 4639 unum
928 4584 1166 4653 convenerunt,
1189 4577 1246 4638 ubi
1263 4584 1361 4638 vetus
1378 4583 1412 4638 at
1427 4591 1513 4638 nova
1529 4575 1594 4636 Lex
1610 4573 1677 4634 sibi
1691 4589 1770 4633 con-

222 4687 409 4741 senserunt.
634 4683 636 4688 “

258 4873 278 4941 ¹)
292 4874 337 4930 rs.
354 4873 512 4939 axxmv.
531 4879 571 4930 n.
992 4879 996 4948 l
1028 4880 1051 4944 π)
1065 4877 1212 4948 baana
1224 4875 1269 4930 w.
