3992 6092
873 525 898 568 S.
932 517 1201 569 lllaoeealtols

1022 743 1045 803 1.

923 951 1022 1012 Verba
1042 953 1150 1029 palae.

305 1165 335 1225 d.
359 1165 399 1224 Et
415 1162 532 1223 eadem
550 1161 660 1235 imago
676 1160 819 1220 dicebat.
847 1180 863 1218 a
881 1159 970 1218 Deus
987 1159 1099 1218 omnia
1123 1157 1261 1230 creavit,
1280 1161 1314 1216 et
1330 1173 1434 1233 quare
1453 1157 1483 1216 in
1511 1157 1563 1218 his
1581 1157 1806 1218 tabescerem‘.l

262 1288 278 1326 s
297 1269 331 1330 Si
346 1268 434 1329 Deus
451 1284 490 1328 ea
506 1266 699 1326 necessaria
715 1265 872 1338 nesciret,
891 1265 964 1339 ipsa
981 1279 1047 1322 non
1062 1261 1207 1322 fecisset.
1224 1262 1316 1323 Unde
1333 1263 1437 1322 stulta
1453 1279 1575 1338 essem,
1591 1265 1620 1323 si
1633 1266 1805 1346 propriam

262 1393 277 1430 a
297 1375 505 1432 voluntatem
530 1370 563 1430 in
587 1369 641 1429 his
664 1384 729 1428 non
754 1367 923 1442 haberem,
950 1383 1027 1427 cum
1049 1365 1138 1424 Deus
1162 1366 1244 1426 velit
1268 1368 1355 1443 quod
1380 1383 1458 1427 caro
1477 1367 1622 1427 hominis
1638 1385 1703 1428 non
1727 1368 1805 1428 deli-

261 1495 277 1534 »
298 1477 374 1538 ciat.
395 1495 411 1533 a

1011 1682 1049 1743 ll.

802 1890 1008 1968 Responsum
1035 1889 1262 1952 abstinentiae.

237 2121 239 2126 ’
301 2102 333 2168 5.
357 2104 398 2165 Et
414 2101 537 2164 iterum
562 2097 603 2160 de
618 2098 790 2175 praediola
815 2097 949 2158 turbida
965 2098 1064 2174 nube,
1090 2115 1230 2176 quaese
1254 2101 1296 2162 ab
1313 2101 1437 2161 Austro
1454 2099 1495 2160 ad
1518 2089 1732 2162 Occidentem
1747 2115 1802 2160 ex-

256 2209 421 2285 tenderat,
439 2206 552 2267 audivi
575 2219 692 2265 vocem
709 2201 763 2261 his
785 2200 900 2262 verbis
917 2203 1181 2278 respondentem:
1209 2225 1224 2264 ‹
1243 2205 1345 2265 Nemo
1366 2204 1532 2264 citharam
1548 2205 1598 2264 sic
1621 2204 1799 2280 percutiat,

257 2327 273 2370 a
293 2318 330 2373 ut
355 2311 476 2371 cordae
492 2310 565 2386 ejus
590 2307 774 2368 laedantur.
792 2306 885 2379 Quod
912 2308 940 2366 si
958 2309 1079 2368 cordae
1104 2308 1195 2368 illius
1221 2309 1332 2368 laesae
1359 2307 1494 2382 luerint,
1519 2308 1595 2384 quis
1619 2313 1672 2366 est
1697 2322 1801 2366 sonus

255 2434 272 2474 a
291 2414 382 2493 ejus‘i
407 2415 535 2476 Nullus.
554 2413 614 2488 Tu,
632 2413 721 2488 gula,
747 2415 899 2470 ventrem
915 2416 1010 2470 tuum
1035 2411 1082 2470 ita
1102 2411 1232 2488 imples,
1251 2412 1337 2490 quod
1356 2427 1471 2472 omnes
1495 2427 1600 2472 venae
1617 2417 1694 2471 tuae
1712 2411 1800 2470 insa-

255 2539 271 2578 »
290 2536 352 2580 nae
369 2525 459 2595 sunt,
477 2525 510 2578 et
526 2516 614 2595 quod
632 2517 665 2575 in
683 2515 829 2574 lurorem
845 2518 1033 2574 vertuntur.
1050 2516 1090 2574 Et
1107 2517 1164 2575 ubi
1180 2522 1259 2575 tunc
1275 2521 1328 2576 est
1343 2514 1453 2575 dulcis
1478 2531 1580 2576 sonus
1597 2516 1797 2592 sapientiae,

255 2645 271 2682 a
291 2641 392 2702 quam
407 2623 496 2684 Deus
513 2619 639 2681 homini
656 2617 764 2678 dedil‘l
782 2617 866 2676 Nem
884 2623 975 2676 muta
991 2623 1025 2676 et
1041 2635 1141 2680 coeca
1158 2635 1206 2695 es,
1224 2625 1258 2680 et
1274 2621 1385 2680 nescis
1402 2620 1482 2696 quid
1507 2620 1667 2696 loquaris.
1685 2617 1748 2679 Sed
1764 2622 1798 2678 et

255 2727 379 2786 »sicut
402 2741 564 2802 praeceps
580 2722 694 2800 pluvia
718 2727 843 2780 terram
861 2720 1039 2796 subvertit,
1067 2723 1113 2782 ita
1129 2723 1286 2784 nimietas
1310 2725 1459 2785 carnium
1485 2730 1518 2784 et
1535 2724 1604 2784 vini
1630 2723 1798 2784 hominem

254 2831 324 2890 »in
347 2829 575 2904 blasphemias
600 2825 767 2885 irrisionis
793 2823 928 2884 inducit.
954 2823 1021 2898 Ego
1047 2833 1159 2885 autem
1182 2825 1358 2903 pulchram
1383 2827 1525 2888 formam
1550 2828 1584 2887 in
1609 2827 1689 2888 limo
1712 2827 1795 2902 vidi,

254 2953 270 2990 a
289 2949 390 3009 quam
407 2935 494 2993 Deus
519 2930 686 2990 hominem
704 2927 862 2989 condidit.
879 2925 970 2986 Unde
994 2933 1028 2987 et
1043 2931 1244 2991 conveniens
1261 2931 1375 3008 pluvia
1391 2945 1477 3004 sum,
1497 2931 1543 2991 ita
1559 2931 1650 3007 quod
1667 2947 1746 2992 cero
1764 2933 1797 2992 in

254 3037 382 3097 »vitiis
406 3051 472 3095 non
488 3033 640 3110 pullulat.
658 3031 697 3091 Et
721 3031 982 3091 moderationem
1008 3033 1041 3092 in
1057 3034 1249 3095 hominibus
1275 3032 1403 3108 haurio,
1422 3049 1463 3093 ne
1484 3049 1562 3095 caro
1587 3051 1702 3095 eorum
1718 3035 1798 3098 deii-

253 3157 269 3202 a
289 3142 367 3210 ciat,
386 3148 420 3200 et
435 3156 476 3200 ne
492 3145 635 3215 crescat,
653 3140 814 3200 vitalibus
831 3141 917 3203 cibis
936 3141 1140 3220 ingurgitata
1157 3140 1232 3214 plus
1250 3153 1350 3214 quam
1366 3153 1504 3198 necesse
1518 3138 1572 3198 sit.
1589 3138 1673 3199 Nam
1689 3137 1795 3199 citha-

252 3263 268 3302 »
289 3262 430 3321 rasum,
449 3246 481 3305 in
499 3245 590 3304 sonis
607 3243 754 3304 omnium
771 3243 906 3304 laudum
923 3263 1058 3319 sonare,
1076 3257 1115 3302 ac
1130 3241 1291 3303 duritiam
1307 3241 1418 3302 cordis
1434 3242 1521 3302 bona
1532 3242 1706 3302 voluntate
1721 3257 1796 3318 per-

253 3349 413 3410 »iorans
428 3349 514 3409 Cum
538 3349 627 3407 enim
652 3347 750 3406 homo
775 3362 898 3424 corpus
915 3367 1012 3410 suum
1037 3347 1207 3408 moderate
1223 3348 1343 3422 pascit,
1363 3347 1396 3406 in
1419 3345 1628 3406 orationibus
1652 3346 1744 3406 iilius
1760 3346 1794 3406 in

252 3471 268 3510 a
288 3453 418 3512 coelum
436 3452 468 3512 in
485 3450 615 3511 cithara
633 3465 764 3526 resono;
783 3455 909 3512 etcum
926 3469 1049 3528 corpus
1066 3453 1138 3529 eius
1156 3451 1338 3512 moderatis
1356 3451 1441 3511 cibis
1458 3455 1590 3509 castum
1610 3452 1674 3522 est,
1692 3449 1725 3508 in
1741 3464 1795 3509 or·

251 3575 267 3615 a
287 3559 383 3634 ganis
400 3562 507 3617 canto.
526 3555 618 3627 Quod
636 3559 683 3630 tu,
705 3551 794 3631 gula,
812 3555 934 3630 nescis,
952 3572 1013 3616 nec
1030 3557 1202 3633 intelligis,
1219 3571 1281 3616 nec
1297 3555 1396 3628 scire,
1415 3568 1474 3614 nec
1491 3552 1678 3627 intelligere
1693 3567 1795 3628 quae-

251 3679 267 3720 »
287 3662 345 3722 ris.
363 3661 445 3721 Nam
470 3659 558 3721 tuin
582 3660 754 3719 nimietate
776 3659 892 3734 jejunii
909 3660 1087 3736 aliquando
1109 3667 1142 3720 te
1160 3660 1341 3732 subvertis,
1360 3658 1407 3716 ita
1424 3656 1512 3733 quod
1528 3655 1584 3715 vix
1603 3657 1719 3716 vivere
1735 3673 1794 3733 po-

250 3786 267 3826 »
286 3774 349 3842 tes;
367 3773 401 3827 et
425 3764 604 3843 aliquando
621 3769 773 3823 ventrem
796 3769 890 3823 tuum
909 3765 942 3824 in
956 3765 1143 3826 voracitate
1161 3763 1290 3838 imples,
1310 3761 1356 3821 ita
1381 3759 1469 3836 quod
1486 3761 1519 3819 in
1536 3775 1575 3820 ea
1592 3765 1740 3835 aestuas,
1759 3766 1794 3820 et

249 3889 266 3929 a
287 3887 424 3948 spumas
441 3869 580 3930 evomis
599 3867 661 3927 Sed
678 3883 740 3942 ego
758 3867 790 3926 in
808 3868 892 3927 cibis
911 3867 1044 3928 modum
1063 3884 1161 3946 pono,
1179 3881 1220 3924 ne
1237 3879 1359 3924 succus
1377 3862 1522 3924 hominis
1539 3864 1572 3922 in
1591 3879 1630 3923 eo
1647 3864 1793 3923 exsicce-

250 3989 265 4032 r
285 3981 352 4049 tur,
370 3980 404 4034 ct
419 3989 459 4032 ne
485 3988 607 4032 succus
626 3972 658 4030 in
675 3987 714 4030 co
732 3971 865 4030 modum
883 3989 980 4031 suurn
997 3973 1146 4045 excedat,
1165 3977 1198 4029 et
1214 3976 1284 4030 tum
1307 3970 1352 4030 ibi
1371 3971 1402 4028 in
1419 3969 1560 4028 citharis
1579 3970 1688 4044 laudo,
1707 3977 1741 4030 et
1759 3971 1790 4030 in

248 4095 265 4134 a
285 4075 420 4150 organis
444 4081 552 4135 canto.
571 4075 596 4134 Ο
613 4074 724 4132 cuncti
750 4074 875 4148 fideles,
894 4093 913 4135 a
930 4077 1007 4150 gilla
1032 4074 1217 4136 abstrahite
1242 4090 1315 4146 vos,
1333 4073 1411 4150 quia
1435 4077 1552 4131 ventor
1573 4073 1699 4148 antiqui
1717 4072 1791 4132 Ser-

248 4197 265 4237 a
284 4181 394 4255 peritis
411 4179 511 4238 Evam
537 4178 725 4251 deglutivit,
744 4183 775 4236 rt
793 4178 872 4254 quia
889 4195 949 4253 per
964 4181 1066 4240 Evam
1084 4180 1207 4239 multas
1225 4178 1341 4237 sordes
1358 4178 1492 4236 evomit.
1514 4195 1528 4231 v

988 4387 1042 4447 ΙΙΙ.

817 4561 824 4570 '
868 4594 966 4656 Verba
989 4595 1184 4659 acerbitatis.

290 4807 320 4868 o.
343 4805 494 4867 Secunda
512 4811 622 4866 aulem
650 4805 758 4882 imago
776 4809 812 4866 ul
829 4803 1007 4882 leopardus
1031 4813 1115 4882 erat,
1132 4812 1167 4867 et
1183 4807 1276 4867 dixit:
1296 4825 1312 4864 «
1331 4805 1467 4867 Omnem
1493 4803 1668 4898 audaciam
1685 4807 1785 4882 atque

246 4925 262 4964 a
282 4910 458 4970 victoriam
481 4910 664 4987 pronihilo
688 4915 855 4986 computo,
874 4918 908 4969 et
924 4912 1000 4972 nolo
1026 4912 1167 4971 utullus
1185 4910 1266 4969 mihi
1285 4911 1432 4971 resistat.
1456 4911 1514 4971 His
1532 4911 1634 4970 etiam
1651 4927 1736 4986 quae
1754 4911 1787 4968 in

245 5030 260 5068 u
281 5012 462 5089 Scripturis
478 5021 510 5073 et
530 5015 561 5074 in
580 5014 642 5074 fide
660 5014 741 5072 mihi
759 5015 899 5074 molesta
917 5021 949 5074 et
966 5016 1085 5074 noriva
1104 5021 1192 5088 sunt,
1213 5013 1295 5074 nihil
1313 5016 1530 5090 respondebo,
1547 5017 1603 5075 sed
1622 5033 1660 5076 ca
1678 5022 1787 5076 trans·

244 5136 261 5176 a
282 5120 449 5180 mordebo.
470 5138 485 5176 v
