3992 6092
854 509 880 556 S.
906 509 1176 560 turcomannis

945 733 1068 797 CVlIlI.

665 943 877 1003 Paenitentia
901 943 941 1002 de
965 945 1141 1006 homicidia
1165 963 1207 1005 ea:
1230 947 1359 1023 farore.

282 1147 357 1210 127.
382 1147 444 1222 Qui
467 1149 556 1210 enirn
580 1165 640 1226 per
670 1150 818 1212 furorem
843 1151 913 1212 irae
945 1153 1091 1214 animam
1115 1153 1260 1215 hominis
1286 1153 1327 1214 de
1350 1168 1492 1232 corporo
1516 1170 1577 1215 suo
1600 1153 1719 1231 ejecit,
1752 1155 1784 1216 si

234 1250 299 1312 hoc
322 1252 356 1312 in
379 1268 416 1312 sa
439 1251 558 1330 punire
584 1255 748 1331 voluerit,
781 1271 822 1316 ne
846 1255 1017 1333 praelatas
1049 1258 1220 1319 cruciatus
1246 1258 1388 1333 sentiat,
1420 1257 1603 1336 perlonga
1631 1263 1784 1335 tempora

236 1355 431 1417 constrictis
452 1356 589 1433 jejuniis
606 1374 643 1418 se
667 1363 825 1434 maceret,
849 1365 883 1419 et
899 1360 1041 1437 flagellis
1066 1377 1103 1420 se
1127 1362 1281 1440 castiget,
1307 1367 1408 1438 atque
1431 1360 1621 1423 claritatem
1645 1360 1786 1422 luminis

233 1475 295 1536 per
319 1459 454 1536 aliquod
488 1467 621 1539 tempus
645 1462 782 1538 devitet,
807 1465 966 1539 quoniam
1001 1479 1114 1525 aerem
1137 1464 1245 1526 alfuso
1269 1465 1432 1542 sanguine
1468 1463 1626 1540 foedavit;
1652 1469 1685 1524 et
1720 1463 1784 1524 lroa

235 1579 312 1625 cum
332 1564 458 1641 judicio
475 1566 540 1628 sibi
564 1567 787 1644 praesidentis
804 1567 953 1629 doctorIs
973 1569 1149 1647 compleat.

979 1777 1041 1838 CX.

654 1986 866 2048 Paenitentia
888 1987 929 2047 de
952 1988 1126 2048 homicidia
1149 2006 1192 2049 eae
1217 1991 1367 2050 avaritia.

283 2191 358 2254 128.
383 2190 446 2253 Sed
462 2194 520 2270 qui
537 2194 612 2272 igne
636 2195 800 2256 avaritiae
824 2211 999 2273 accensus,
1025 2197 1172 2258 animam
1187 2202 1222 2257 et
1245 2212 1369 2273 corpus
1392 2194 1537 2257 hominis
1562 2193 1790 2272 separaverit„

236 2295 267 2358 si
284 2297 477 2376 supradicta
500 2303 667 2361 tormenta
684 2299 758 2377 ejus
782 2300 951 2362 declinare
974 2301 1155 2376 desiderat,
1180 2302 1283 2362 ctiam
1305 2301 1429 2379 etipse
1452 2301 1635 2362 constricta
1656 2297 1784 2375 jejunia

238 2415 316 2462 aum
332 2400 506 2462 acerrimis
525 2402 667 2480 flagellis
683 2420 743 2482 per
759 2409 931 2481 protracta
948 2411 1099 2482 tempora
1119 2405 1346 2482 aggrediatur,
1363 2421 1404 2467 ac
1420 2404 1590 2466 consortia
1614 2402 1786 2464 homiuum

236 2503 402 2582 devitans,
420 2506 609 2569 solitariam
624 2509 730 2569 vitam
744 2502 768 2588 ¹)
787 2509 821 2570 in
837 2509 923 2570 silva
948 2525 1010 2586 per
1025 2509 1161 2588 aliquod
1178 2515 1310 2588 tempus
1327 2509 1479 2587 arripiat,
1497 2515 1531 2572 et
1551 2508 1615 2569 hoc
1638 2523 1716 2569 cum
1732 2520 1791 2566 ae«

237 2608 367 2686 quitata
380 2609 533 2687 iustitiae
551 2609 661 2672 iaciat.

973 2718 1051 2779 cxl.

625 2927 837 2989 Paenitentia
860 2928 900 2987 de
924 2929 1098 2990 homicidia
1121 2948 1164 2990 eac
1186 2932 1393 2991 necessitate.

285 3128 360 3192 l29.
378 3130 440 3204 Qui
464 3147 544 3194 vero
568 3134 737 3197 hominem
753 3137 1013 3214 praecipitanter
1037 3137 1170 3214 occidit,
1194 3138 1401 3200 voluntatem
1418 3136 1510 3198 illius
1527 3129 1790 3211 praevenIendo,

239 3234 319 3311 quia
331 3239 428 3311 putat
441 3250 477 3296 se
490 3237 532 3298 ab
550 3237 606 3300 illo
621 3239 653 3300 in
669 3245 811 3300 mortem
827 3240 974 3319 deposci,
990 3238 1017 3320 2)
1032 3241 1062 3302 si
1077 3257 1202 3318 poenas
1214 3241 1365 3318 ejusdem
1380 3239 1495 3301 delicti
1511 3239 1551 3300 de
1564 3252 1600 3298 se
1617 3235 1786 3298 studuerit

238 3343 406 3415 excutere,
432 3341 533 3402 etiam
555 3343 692 3420 iejuniis
716 3360 752 3404 se
777 3345 931 3422 castiget,
957 3346 1140 3406 secundum
1163 3346 1251 3422 quod
1268 3352 1397 3406 rectum
1410 3343 1572 3421 judicium
1589 3347 1623 3403 et
1638 3340 1786 3419 qualitas

237 3443 390 3519 ejusdem
405 3459 565 3508 excessus
582 3445 647 3510 sibi
663 3450 889 3526 proposuerit,
906 3450 1077 3527 prioribus
1093 3450 1301 3526 aliquantum
1316 3443 1341 3529 ⁵)
1360 3449 1412 3509 his
1428 3449 1505 3525 plus
1521 3446 1701 3508 allevietis.

966 3660 1058 3722 CXII.

628 3872 841 3934 Paenitentia
864 3871 904 3932 de
928 3871 1102 3932 harnioidia
1125 3889 1168 3932 eac
1191 3873 1389 3949 ignorantia.

285 4074 361 4136 130.
386 4075 478 4149 Quod
502 4075 533 4138 si
552 4083 586 4138 et
608 4078 665 4139 ille
684 4080 742 4157 qui
759 4079 927 4142 hominem
945 4082 1137 4158 ignoranter
1153 4078 1187 4140 in
1203 4079 1345 4141 mortem
1360 4077 1454 4138 misit
1469 4075 1640 4154 praelatas
1656 4073 1786 4136 crucia·

240 4183 296 4239 tus
320 4179 543 4256 abhorruerit,
569 4187 603 4242 et
626 4183 677 4244 eis
694 4183 814 4245 abesse
836 4186 1016 4262 optaverit,
1035 4185 1173 4262 jejunia,
1192 4183 1251 4244 sed
1267 4188 1380 4244 tamen
1397 4181 1548 4242 breviata
1564 4185 1598 4241 et
1613 4177 1783 4252 alleviata,

238 4281 421 4343 secundum
446 4283 613 4363 justitiam
640 4287 706 4346 sihi
733 4295 921 4364 componat,
950 4289 1108 4366 quoniam
1134 4287 1291 4351 voluntas
1318 4287 1391 4364 ojus
1419 4286 1528 4346 eidem
1555 4289 1692 4362 peccato
1716 4297 1784 4341 nou

240 4385 360 4447 astitit.

959 4495 1067 4557 CXIII.

648 4704 861 4768 Paenitentia
884 4705 924 4767 de
948 4705 1122 4768 homicidia
1146 4725 1188 4768 en
1211 4706 1374 4786 veneficia.

178 4941 184 4952 ·
287 4907 362 4971 tal.
388 4910 447 4972 Ille
461 4907 485 4990 ⁸)
507 4920 620 4975 autern
644 4915 702 4993 qui
726 4915 893 4977 homiuem
911 4915 1070 4977 veneficia
1088 4915 1242 4977 sivealia
1260 4912 1488 4992 aliquomodo
1512 4913 1584 4974 sine
1604 4909 1785 4976 emissione

239 5015 412 5090 sanguinis
437 5017 470 5077 in
494 5025 636 5079 mortem
661 5018 764 5095 misit,
791 5017 820 5081 si
845 5021 1019 5082 tormentis
1043 5020 1194 5098 eiusdem
1218 5019 1391 5082 commissi
1415 5035 1453 5080 se
1472 5019 1601 5096 eripere
1622 5017 1780 5094 volucrit,

280 5179 300 5248 'l
314 5184 386 5238 vlam
399 5183 445 5240 W·
459 5215 491 5225 -
501 5187 523 5254 2)
537 5188 636 5260 deponi
647 5187 681 5253 Α.
694 5187 739 5244 W.
753 5185 796 5245 ‹ln
808 5189 894 5264 probo
907 5189 1109 5247 emendatum?
1122 5219 1155 5229 --
1168 5187 1189 5254 Ι)
1203 5187 1410 5259 aliquantolum
1421 5183 1456 5246 A.
1472 5215 1507 5227 -
1518 5184 1541 5255 ⁴)
1553 5183 1607 5242 Iste
1618 5182 1653 5241 A.
