3992 6092
691 553 718 600 11
748 555 867 601 arena
895 553 995 599 viris:
1022 550 1256 598 nearroaun
1675 533 1716 594 89

196 684 317 731 sensus
334 669 413 732 talis
430 676 492 730 est.
510 668 656 746 Fragilia
673 686 775 748 opera
792 671 982 744 mulierum,
1000 685 1086 746 quae
1105 667 1225 730 iortem
1243 667 1424 728 medullam
1446 667 1594 727 virorum
1612 683 1677 728 non
1694 667 1752 728 ba·

160 779 162 783 '
196 773 285 848 bent,
304 774 363 834 sed
388 773 526 850 quaein
550 775 687 836 miseria
703 775 856 836 cordium
880 791 1018 835 suorum
1034 774 1075 835 ad
1100 788 1203 852 opera
1218 773 1277 832 illa
1301 772 1481 848 declinant,
1507 787 1593 848 quae
1619 773 1652 832 in
1669 772 1747 848 igne

196 875 342 954 Spiritus
359 877 472 938 Sancti
490 881 586 938 cocta
601 895 667 939 non
683 882 772 955 sunt,
791 885 952 940 coxerunt
968 879 1055 939 filios
1072 877 1229 956 propriae
1244 876 1430 938 voluntatis
1448 891 1540 952 suae;
1559 876 1616 939 ubi
1634 877 1753 938 ardent

197 985 231 1044 in
246 985 374 1046 carnali
390 985 623 1060 delectatione,
641 986 729 1046 unde
746 986 849 1046 etiam
860 970 896 1045 in
912 986 1089 1046 animabus
1102 985 1174 1044 suis
1187 990 1339 1060 pereunt,
1354 999 1429 1043 cum
1443 989 1581 1060 peccata
1594 988 1749 1044 aestuan-

197 1087 242 1148 tis
259 1091 371 1150 carnis
388 1089 431 1148 ad
446 1089 707 1166 unumquodque
723 1095 898 1167 peccatum
915 1089 1063 1150 trahunt.
1076 1089 1116 1148 Et
1133 1088 1182 1148 sio
1199 1089 1389 1149 voluntates
1406 1103 1534 1163 aarum,
1548 1089 1678 1149 scilicet
1693 1105 1749 1150 eo-

198 1193 348 1254 rumdem
366 1193 550 1269 hominum,
564 1194 649 1254 liunt
664 1195 760 1254 cibus
778 1194 939 1271 ipsorum,
958 1210 1035 1254 oum
1051 1194 1162 1254 omnia
1180 1209 1266 1269 quae
1283 1191 1486 1269 desiderant,
1503 1193 1691 1270 perficiunt.
1709 1193 1749 1254 Et

197 1293 260 1356 boc
277 1295 310 1354 in
325 1296 526 1357 contritione
541 1300 575 1358 et
592 1297 626 1356 in
642 1297 780 1358 interitu
797 1298 984 1358 animarum
1002 1297 1135 1356 illorum
1158 1294 1295 1369 iaciunt,
1313 1295 1370 1372 qui
1395 1297 1593 1372 populo'Dei
1618 1297 1651 1358 in
1668 1315 1744 1360 san-

195 1401 260 1461 ctis
275 1402 434 1478 operibus
450 1402 663 1478 annumerari
687 1401 881 1463 debuerant.
898 1397 921 1482 ¹)
938 1403 1030 1463 Unde
1055 1401 1089 1462 in
1106 1401 1196 1462 omni
1220 1400 1425 1478 perfectione
1449 1401 1614 1462 bonarum
1638 1404 1745 1464 virtu-

198 1509 279 1582 tum,
297 1511 332 1566 et
348 1508 381 1566 in
397 1507 487 1568 omni
504 1508 683 1568 sanctitate
701 1507 888 1568 honestatis
904 1507 1108 1584 deficientes
1129 1508 1253 1569 dicunt:
1275 1524 1292 1566 ‹
1310 1506 1394 1579 Quid
1411 1513 1464 1568 est
1476 1506 1540 1568 hoc
1556 1509 1644 1585 quod
1661 1525 1745 1572 nun·

196 1627 296 1688 quam
313 1613 477 1675 vidimus‘l
492 1613 641 1674 Plurima
658 1613 813 1675 audimus
830 1631 916 1692 quae
933 1631 998 1675 non
1017 1615 1246 1691 intelligimus,
1265 1617 1401 1691 atquae
1418 1631 1479 1676 nec
1495 1632 1576 1676 vera
1592 1632 1668 1677 esse
1685 1619 1749 1680 sci·

195 1731 280 1777 mus.
301 1733 318 1774 a
338 1717 428 1789 Quae
445 1733 522 1777 cum
538 1719 756 1794 pertinaciter
772 1718 926 1793 dixerint,
945 1718 1105 1794 gaudium
1121 1718 1212 1778 vitae
1237 1717 1419 1779 cumomni
1444 1719 1622 1780 sanctitate
1639 1720 1672 1780 in
1696 1720 1748 1780 eis

193 1818 316 1896 dellcit,
336 1837 374 1880 ac
399 1836 515 1881 omnes
533 1822 677 1882 virtutes
701 1835 778 1880 cum
795 1823 917 1899 quibus
934 1823 1043 1882 ornati
1068 1837 1145 1883 esse
1167 1821 1344 1896 debebant,
1372 1821 1404 1880 in
1420 1821 1470 1880 eis
1494 1822 1744 1898 extinguuntur.

199 1921 291 1980 Tunc
315 1923 461 1998 complet
484 1922 678 1983 Dominetor
703 1929 900 1985 cunctorum
927 1924 960 1984 in
984 1925 1034 1984 eis
1057 1924 1240 1984 vindictam
1265 1939 1377 1999 suam,
1403 1924 1459 1984 ubi
1485 1941 1614 1986 omnem
1640 1928 1749 1988 zelum

193 2039 291 2084 suum
308 2041 410 2102 super
426 2042 484 2086 cos
500 2027 636 2100 excitat,
655 2028 702 2088 ita
719 2027 807 2103 quod
824 2044 889 2088 non
904 2027 1083 2105 parcendo,
1103 2027 1163 2089 sed
1179 2029 1277 2104 quasi
1293 2043 1353 2106 per
1370 2027 1620 2090 inundationem
1643 2029 1748 2091 ellun-

188 2129 302 2192 'dendo
319 2131 487 2207 flagellum
505 2147 614 2206 suum,
634 2131 829 2208 iniquitates
846 2148 963 2192 eorum
976 2133 1158 2207 exulcerat,
1173 2149 1247 2191 cum
1262 2148 1320 2192 eas
1332 2131 1540 2207 dedignando
1555 2133 1596 2194 ud
1609 2133 1751 2196 nibilum

192 2233 337 2295 deducit.
361 2235 402 2294 Et
426 2236 475 2295 sic
498 2235 599 2296 etiam
617 2235 769 2296 accendit
794 2236 901 2296 zelum
920 2236 1068 2296 suumin
1086 2251 1230 2296 ascensu
1253 2235 1321 2309 illo,
1349 2234 1382 2294 in
1402 2251 1469 2312 quo
1492 2233 1596 2296 Deum
1619 2237 1746 2314 aspice-

90 2403 98 2420 ,
193 2333 266 2416 ιε’)
284 2338 460 2414 debebant,
476 2337 563 2416 quod
579 2355 645 2399 non
662 2338 840 2416 iaciebant,
856 2339 915 2399 sed
933 2340 966 2399 in
983 2356 1049 2416 quo
1066 2339 1107 2400 ad
1125 2339 1316 2414 superbiam
1334 2338 1547 2416 anhelabant;
1562 2341 1617 2400 ubi
1637 2341 1671 2402 in
1687 2341 1749 2402 bu·

191 2441 339 2516 jusmodi
356 2444 501 2502 montem
518 2457 554 2502 sa
570 2441 762 2504 ascendisse
786 2448 916 2519 putant,
935 2443 1051 2520 inquo
1067 2442 1179 2503 nullus
1204 2457 1262 2504 eos
1279 2457 1439 2517 superare
1462 2443 1583 2504 valeat.
1605 2443 1697 2505 Tunc
1713 2451 1747 2506 et

194 2545 284 2606 eruit
309 2543 525 2606 fundamenta
548 2545 699 2621 ejusdem
715 2547 904 2623 superbiae,
924 2547 1003 2622 quia
1027 2547 1118 2606 illam
1143 2546 1277 2608 omnino
1297 2546 1453 2621 destruit,
1478 2553 1512 2606 et
1528 2547 1658 2609 radices
1674 2549 1747 2626 ejus

192 2647 355 2723 eradicat,
372 2663 414 2709 ne
431 2649 538 2710 denuo
556 2657 751 2726 exsurgant,
769 2650 817 2712 ita
834 2649 921 2727 quod
938 2667 999 2712 nec
1016 2651 1050 2710 in
1067 2649 1174 2726 initio,
1192 2651 1303 2710 necin
1320 2650 1383 2712 sine
1399 2650 1492 2712 illius
1505 2652 1574 2712 ulla
1591 2654 1683 2714 salus
1701 2655 1749 2714 in-

190 2753 358 2826 venietur,
384 2755 541 2831 quonlam
567 2755 631 2814 iter
648 2755 783 2815 illorum
807 2755 865 2832 qui
882 2771 957 2816 eam
978 2755 1176 2831 sequuntur,
1203 2754 1337 2831 peribit;
1356 2755 1435 2830 quia
1455 2755 1559 2816 Deum
1579 2758 1636 2834 qui
1653 2758 1746 2834 ipsos

190 2856 331 2928 creavit,
349 2863 383 2916 et
399 2874 418 2918 a
434 2856 573 2919 Diabolo
591 2859 759 2934 liberavit,
779 2859 813 2919 in
830 2859 892 2920 fide
910 2875 976 2920 non
992 2858 1125 2920 babent.
1142 2853 1168 2936 ⁸)

943 3087 1003 3147 LV.

365 3280 522 3341 Homines
538 3280 596 3358 qui
608 3283 779 3359 prosimos
796 3281 833 3340 in
850 3283 1005 3357 anqustiis
1018 3286 1161 3357 ponunt,
1181 3281 1269 3342 Deus
1285 3283 1405 3342 misere
1423 3282 1569 3361 deponit.

238 3489 291 3550 el.
316 3489 378 3550 Sed
395 3490 497 3550 etiam
514 3489 603 3550 Deus
619 3489 822 3568 quibusdam
844 3489 1046 3566 bominibus,
1073 3491 1203 3552 occulto
1218 3488 1344 3566 judicio
1361 3505 1434 3566 suc,
1461 3491 1620 3554 ultionem
1647 3509 1743 3556 suam

189 3594 411 3670 corporaliter
436 3593 603 3668 immittit,
634 3597 670 3654 ut
694 3595 752 3671 qui
776 3595 997 3671 corporaliter
1024 3597 1266 3669 peccaverunt,
1296 3594 1518 3670 corporaliter
1545 3597 1739 3671 punientem

188 3698 277 3775 quod
294 3705 405 3758 tamen
421 3715 481 3759 cur
504 3697 572 3775 liat,
598 3699 671 3776 ipse
695 3699 789 3758 solus
812 3698 917 3772 novit,
943 3699 1001 3776 qui
1026 3704 1158 3760 secreta
1181 3715 1243 3760 sua
1268 3715 1333 3759 non
1349 3699 1503 3760 omnibus
1528 3699 1732 3763 manifestat.

188 3801 271 3862 Nam
288 3817 364 3861 cum
389 3801 526 3878 quidam
542 3801 694 3862 homines
718 3801 889 3878 proximos
906 3817 986 3862 suos
1011 3801 1045 3861 in
1061 3801 1252 3877 angustiam
1275 3804 1413 3878 ponunt,
1432 3807 1466 3861 et
1482 3817 1558 3861 cum
1583 3802 1741 3864 substan-

189 3909 272 3968 tiam
288 3921 406 3968 eorum
422 3907 590 3982 auferunt,
609 3923 648 3968 ac
665 3923 742 3967 cum
757 3922 818 3967 eos
834 3921 894 3984 per
910 3905 1121 3982 tyrannidem
1140 3907 1173 3966 in
1190 3906 1354 3966 servitute
1371 3905 1436 3965 sibi
1452 3905 1646 3982 subjiciunt:
1666 3921 1738 3966 sae-

188 4027 230 4088 pe
245 4011 367 4084 cvenit,
386 4010 475 4087 quod
490 4010 640 4072 vindicta
655 4011 714 4071 Dei
729 4011 808 4072 illos
827 4011 872 4072 ita
898 4011 1054 4086 percutit,
1073 4009 1162 4086 quod
1178 4016 1213 4071 et
1230 4009 1295 4086 ipsi
1312 4009 1423 4071 attilii
1445 4025 1562 4072 eorum
1579 4011 1621 4071 ab
1646 4013 1737 4074 omni

188 4115 350 4178 felicitate
375 4115 501 4176 saeculi
517 4115 687 4190 deficiunt,
713 4118 747 4176 et
763 4115 851 4193 quod
876 4114 995 4176 deinde
1012 4114 1123 4175 cibum
1148 4115 1361 4176 contritionis
1385 4117 1419 4176 et
1436 4132 1501 4176 non
1524 4117 1740 4180 exultationis

186 4221 375 4281 comedunt.
392 4219 433 4280 Et
457 4220 613 4297 quoniam
638 4221 768 4282 malitia
786 4219 926 4281 inomni
950 4220 1173 4296 perversitate
1190 4219 1224 4280 in
1248 4219 1298 4279 eis
1319 4221 1485 4296 completa
1501 4227 1565 4297 est,
1591 4225 1739 4302 complet

183 4326 290 4386 etiam
305 4324 405 4398 Deus,
424 4327 516 4385 recto
529 4325 657 4401 jndicio
672 4331 706 4386 et
723 4327 815 4384 recta
831 4323 1090 4398 examinatione,
1106 4322 1234 4400 iudicia
1252 4340 1314 4384 sua
1330 4325 1364 4384 in
1378 4325 1474 4402 ipsis,
1489 4341 1528 4386 ac
1545 4327 1648 4388 etiam
1664 4343 1742 4390 con-

186 4429 294 4490 sumit
318 4429 393 4505 igne
418 4427 572 4489 iiduciam
597 4445 725 4503 eorum,
750 4431 784 4490 et
807 4427 931 4489 evertit
955 4427 1184 4488 fortitudinem
1209 4427 1368 4504 ipsorum:
1387 4429 1443 4489 ubi
1462 4431 1667 4492 munimenta
1684 4431 1742 4492 illa
1816 4461 1822 4474 ·

186 4532 339 4593 concutit
354 4535 389 4591 et
404 4531 559 4607 destruit,
578 4532 612 4591 in
628 4532 751 4608 quibus
768 4531 876 4608 magis
893 4547 993 4608 quam
1013 4531 1045 4590 in
1062 4531 1164 4592 Deum
1179 4532 1357 4592 confidunt.
1371 4532 1411 4592 Et
1426 4531 1515 4594 Deus
1528 4533 1611 4595 haec
1627 4536 1739 4597 omnia

188 4635 317 4696 iaciens
331 4635 423 4710 juste
440 4639 560 4708 cuncta
576 4635 749 4712 diiudicat,
768 4640 802 4696 et
814 4635 995 4711 unicuique
1010 4634 1137 4711 jndicia
1154 4651 1216 4696 sua
1233 4636 1414 4697 secundum
1437 4652 1539 4714 opera
1557 4638 1663 4713 ipsius
1681 4639 1742 4698 im-

185 4740 292 4817 ponit.
310 4737 399 4799 Deus
415 4740 502 4799 enim
521 4741 632 4800 omnia
650 4741 725 4816 scit,
744 4745 778 4800 et
795 4739 937 4800 scientia
955 4739 1047 4799 illius
1064 4739 1146 4799 nulli
1164 4740 1386 4814 perditionem
1414 4740 1505 4814 lacit,
1523 4741 1672 4816 alioquin
1687 4743 1739 4819 ju·

184 4849 262 4904 stus
275 4843 375 4918 jndex
391 4859 457 4905 non
473 4847 575 4905 esset.
593 4844 656 4904 Sed
672 4843 831 4904 Diabolus
848 4843 936 4921 quod
954 4842 1057 4920 videt,
1075 4846 1109 4904 et
1125 4845 1214 4920 quod
1237 4845 1312 4919 scit,
1330 4851 1490 4921 quantum
1511 4845 1543 4903 in
1560 4859 1596 4903 se
1613 4851 1737 4922 potest,

188 4949 331 5025 perdere
348 4951 464 5010 tentat.
481 4947 570 5010 Deus
588 4951 697 5010 autem
717 4964 849 5023 semper
874 4954 908 5008 et
925 4963 1058 5024 semper
1076 4947 1149 5023 luit,
1174 4955 1209 5010 et
1227 4949 1301 5009 ideo
1319 4949 1430 5009 omnia
1451 4949 1616 5009 absconsa
1634 4951 1737 5026 novit;

190 5053 354 5114 Diabolus
370 5069 451 5114 vero
467 5054 525 5131 qui
544 5055 675 5114 initium
692 5053 803 5128 babet,
821 5053 932 5112 omnia
950 5067 1036 5129 quae
1054 5052 1141 5115 iacta
1158 5058 1255 5112 erant
1271 5052 1367 5127 vidit,
1394 5053 1452 5112 sed
1470 5053 1572 5112 corda
1597 5053 1739 5114 interius

225 5205 246 5270 ¹)
263 5207 411 5264 aluenni
424 5208 456 5264 lt.
472 5239 505 5252 -
517 5209 540 5274 η
555 5211 685 5280 raptem
697 5207 729 5263 Α.
744 5239 775 5248 -
787 5205 809 5274 ³)
823 5207 940 5262 totum
952 5205 985 5261 Α.

1617 5310 1637 5348 fi
