3998 6100
851 543 878 590 S.
904 541 1177 594 attendamus

760 737 761 742 ‘
881 829 885 836 ,
927 767 1090 829 cxxxvi

709 976 880 1037 Fortitudo
903 978 1088 1037 sanctitatis
1111 975 1313 1056 indeficiens.

281 1176 357 1241 100.
374 1179 457 1242 Nam
474 1195 571 1259 reges
593 1185 627 1242 et
643 1181 825 1260 principes,
842 1185 901 1260 qui
919 1184 952 1244 in
969 1183 1030 1244 tali
1046 1183 1172 1246 honore
1189 1188 1296 1259 erant,
1316 1182 1404 1260 quod
1422 1183 1554 1244 eoelum
1569 1183 1788 1245 nominaban-

235 1286 301 1359 tur,
327 1284 585 1361 praeterierunt3
603 1291 637 1346 et
654 1287 711 1364 qui
728 1286 857 1347 minimi
875 1288 1004 1348 ordinis
1022 1289 1056 1349 in
1072 1303 1193 1364 genere
1212 1303 1273 1348 suo
1292 1286 1436 1364 luerunt,
1455 1293 1489 1347 et
1506 1288 1564 1364 qui
1581 1287 1711 1348 divitiis
1728 1303 1784 1361 pa-

159 1381 162 1388 '
238 1394 389 1464 ruerunt,
414 1389 456 1448 de
479 1390 647 1466 parvitate
671 1396 705 1450 et
728 1390 769 1450 de
791 1395 942 1466 egestate
967 1391 1590 1468 illavelutinOlympumascendunt‚
1609 1391 1784 1451 etiterum

234 1492 403 1554 deficiunt.
429 1493 602 1554 Fortitudo
624 1500 736 1554 autem
753 1496 956 1569 sanctitatis
974 1495 1015 1556 de
1031 1513 1098 1573 qua
1116 1497 1229 1568 omnia
1244 1496 1331 1556 bona
1347 1495 1543 1572 procedunt,
1561 1500 1595 1554 et
1611 1509 1698 1571 quae
1715 1509 1786 1554 om-

235 1596 292 1656 nia
315 1596 402 1657 bona
425 1602 549 1672 portat,
575 1613 640 1658 non
656 1598 800 1674 deliciet,
819 1599 878 1659 sed
896 1599 929 1660 iu
945 1599 1145 1660 aeternitate
1161 1600 1252 1660 vitae
1268 1598 1487 1677 permanebit.
1506 1599 1597 1660 llaec
1614 1604 1727 1659 autem
1742 1598 1784 1657 de

235 1701 479 1778 poenitentium
502 1703 678 1765 animabus
702 1705 885 1782 purgandis
909 1711 943 1766 et
965 1706 1137 1768 salvandis
1153 1707 1243 1768 diota
1260 1713 1349 1782 sunt,
1368 1714 1402 1768 et
1418 1705 1529 1766 fidelia
1547 1711 1637 1780 sunt;
1654 1711 1688 1765 et
1707 1705 1786 1765 lide«

238 1803 283 1865 lis
300 1803 354 1865 bis
370 1805 533 1888 attendat,
551 1812 585 1868 et
600 1821 640 1866 ea
657 1807 691 1867 in
706 1809 904 1870 memoriam
921 1810 1027 1870 bonae
1045 1810 1207 1870 scientiae
1223 1815 1411 1886 componat.

285 1907 361 1970 101.
385 1907 426 1970 Et
441 1909 510 1972 vidi
527 1911 719 1987 praedictae
739 1913 964 1974 multitudinis
982 1915 1066 1974 alios
1085 1915 1238 1992 spiritus,
1257 1930 1341 1990 quos
1359 1913 1462 1974 etiam
1478 1891 1567 1989 quod
1585 1909 1718 1972 Lucifer
1734 1927 1787 1970 sas

239 2011 310 2072 lute
333 2017 367 2072 et
391 2012 516 2075 honore
532 2014 697 2077 virtutum
713 2017 834 2094 dignus
851 2023 953 2092 esset,
976 2018 1201 2078 vociterantes
1218 2018 1342 2078 audivi.
1359 2018 1399 2076 Et
1415 2016 1449 2076 hi
1467 2015 1690 2076 inenarrabile
1706 2031 1783 2075 oan-

241 2115 346 2177 tieum
369 2116 546 2180 beatorum
567 2121 759 2198 spirituum,
779 2122 868 2201 quod
884 2128 936 2183 est
952 2127 1029 2184 ante
1044 2127 1180 2184 tronum
1195 2121 1266 2198 Dei,
1284 2137 1321 2181 se
1340 2121 1428 2181 scire
1445 2120 1659 2196 simulabant3
1677 2125 1711 2180 et
1726 2118 1785 2180 ho-

241 2219 388 2282 minibus
405 2219 441 2283 ut
457 2221 558 2284 dictis
574 2229 609 2285 et
626 2223 725 2287 tactis
739 2225 941 2303 joculatorie
957 2226 1101 2286 vanitati
1120 2226 1290 2300 insistant,
1308 2223 1522 2301 persuadent.

927 2432 1104 2494 LXXXVII.

802 2640 850 2702 De
871 2641 987 2720 poenis
1002 2636 1238 2716 joculatorum.

287 2843 362 2906 tot.
386 2844 427 2906 Et
450 2844 521 2906 vidi
544 2847 702 2908 nebulam
725 2845 867 2924 nigram,
894 2848 927 2908 in
950 2864 1017 2925 qua
1042 2848 1208 2909 maximus
1232 2846 1320 2922 ignis
1337 2851 1421 2920 erat,
1441 2846 1498 2924 qui
1517 2846 1644 2908 iumum
1659 2846 1787 2921 emisit;

243 2954 336 3014 velut
353 2951 464 3014 fumus
482 2954 538 3016 ille
554 2959 607 3014 est
623 2954 680 3015 ubi
697 2971 775 3016 aera
790 2956 1033 3016 examinantur.
1047 2955 1084 3015 In
1101 2955 1176 3030 igne
1194 2954 1259 3014 isto
1275 2936 1359 3013 etin
1374 2951 1464 3012 fumo
1483 2969 1523 3012 ac
1539 2953 1573 3012 in
1589 2952 1710 3013 nebula
1724 2950 1789 3010 hac

243 3057 375 3118 animae
400 3058 478 3118 illae
494 3058 729 3136 puniebantur,
748 3076 833 3136 quae
850 3060 930 3120 dum
947 3061 981 3120 in
996 3059 1132 3120 saeculo
1150 3057 1305 3133 luissent,
1323 3059 1406 3118 vitio
1422 3057 1644 3133 joculatoriae
1660 3057 1792 3116 vanita-

244 3164 290 3225 tis
312 3159 335 3243 ¹)
363 3165 612 3228 insudaveram.
637 3168 720 3228 Nam
745 3169 854 3245 ignem
875 3175 1014 3246 propter
1030 3167 1287 3228 delectationem
1301 3165 1453 3242 eiusdem
1470 3164 1544 3225 vitii
1562 3163 1789 3241 patiebantur,

245 3265 375 3327 sumum
398 3275 522 3345 autem,
547 3277 685 3347 propter
708 3272 857 3334 studium
881 3272 971 3349 quod
995 3271 1037 3332 ad
1062 3270 1143 3333 illud
1169 3270 1347 3344 habebant;
1367 3269 1523 3330 nebulam
1539 3284 1632 3342 vero,
1652 3271 1792 3344 propter

244 3371 445 3433 varietatem
470 3389 612 3450 morum,
632 3392 717 3451 quos
735 3376 768 3436 in
783 3376 899 3438 eodem
916 3375 1000 3436 vitio
1018 3374 1153 3452 saepius
1170 3373 1357 3434 variabant.
1374 3373 1414 3433 Et
1430 3388 1491 3449 per
1507 3373 1675 3432 viventem
1694 3369 1793 3446 spiri-

246 3475 743 3553 mmammma
960 3455 1087 3506 ’-

925 3687 1116 3749 LXXXVIII.

789 3899 1003 3959 Poenitentio
1017 3895 1253 3973 joculatorum.

295 4108 369 4172 toa.
387 4109 428 4171 m
439 4125 556 4170 vocem
568 4109 609 4170 de
626 4108 778 4186 praelata
794 4109 928 4169 vivente
945 4109 1021 4168 luoe
1039 4107 1160 4168 iterum
1178 4105 1260 4165 mihi
1278 4104 1443 4166 dicentem
1460 4101 1692 4165 audivit-llaec
1707 4119 1794 4182 quae

247 4215 355 4291 vides,
380 4229 461 4274 vera
486 4219 575 4288 sunt,
600 4220 634 4274 et
658 4219 695 4273 ut
714 4229 753 4273 ea
769 4213 876 4286 vides,
897 4213 943 4272 ita
960 4217 1047 4272 sunt.
1067 4210 1130 4271 Sed
1146 4211 1204 4288 qui
1222 4211 1255 4270 in
1272 4209 1406 4270 saeculo
1425 4208 1503 4269 huic
1519 4209 1603 4269 vitio
1621 4208 1794 4283 insistunt,

248 4321 280 4380 si
304 4321 497 4381 suasionem
514 4319 615 4397 hujus
632 4318 819 4379 diabolicae
839 4316 924 4378 artis
939 4316 1158 4393 neglexerint,
1177 4321 1211 4376 et
1228 4314 1257 4374 si
1274 4329 1399 4391 poenas
1415 4312 1566 4389 ejusdem
1583 4311 1658 4372 vitii
1676 4311 1801 4372 abhoc-0

250 4423 391 4499 ruerint,
418 4439 552 4484 carnem
577 4439 684 4499 suam,
710 4421 893 4482 secundum
916 4421 1115 4499 qualitatem
1139 4425 1172 4479 et
1196 4424 1345 4480 tenorem
1370 4417 1563 4478 eorumdem
1580 4421 1798 4492 peccatorum

251 4545 402 4606 suorum,
424 4528 562 4606 jeiuniis
586 4527 749 4604 affligant,
775 4527 808 4586 in
831 4526 955 4602 quibus
978 4525 1080 4586 etiam
1097 4524 1285 4602 pretiosum
1305 4522 1418 4598 potius
1434 4521 1595 4596 devitent,
1614 4517 1799 4580 secundum

253 4639 383 4694 rectum
396 4632 561 4710 judicium
574 4632 726 4710 judicum
744 4647 893 4693 suorum.

290 4866 313 4934 ¹)
329 4871 449 4924 ooaitoti
463 4866 508 4924 W.
