<?xml version="1.0" encoding="UTF-8"?>
<!DOCTYPE html PUBLIC "-//W3C//DTD XHTML 1.0 Transitional//EN"
    "http://www.w3.org/TR/xhtml1/DTD/xhtml1-transitional.dtd">
<html xmlns="http://www.w3.org/1999/xhtml" xml:lang="en" lang="en">
 <head>
  <title>
</title>
<meta http-equiv="Content-Type" content="text/html;charset=utf-8" />
  <meta name='ocr-system' content='tesseract 3.04.00' />
  <meta name='ocr-capabilities' content='ocr_page ocr_carea ocr_par ocr_line ocrx_word'/>
</head>
<body>
  <div class='ocr_page' id='page_1' title='image "analectasacrasp04pitrgoog_0078.png"; bbox 0 0 3998 6100; ppageno 0'>
   <div class='ocr_carea' id='block_1_1' title="bbox 742 497 1745 558">
    <p class='ocr_par' dir='ltr' id='par_1_1' title="bbox 742 497 1745 558">
     <span class='ocr_line' id='line_1_1' title="bbox 742 497 1745 558; baseline 0 -2"><span class='ocrx_word' id='word_1_1' title='bbox 742 507 866 556; x_wconf 75' lang='lat' dir='ltr'>crena</span> <span class='ocrx_word' id='word_1_2' title='bbox 894 507 999 556; x_wconf 74' lang='lat' dir='ltr'>vrrs</span> <span class='ocrx_word' id='word_1_3' title='bbox 1027 506 1266 556; x_wconf 83' lang='lat' dir='ltr'>unnrroncn</span> <span class='ocrx_word' id='word_1_4' title='bbox 1701 497 1745 558; x_wconf 82' lang='grc'>37</span> 
     </span>
    </p>
   </div>
   <div class='ocr_carea' id='block_1_2' title="bbox 220 623 1818 2364">
    <p class='ocr_par' dir='ltr' id='par_1_2' title="bbox 220 623 1818 2364">
     <span class='ocr_line' id='line_1_2' title="bbox 224 623 1782 702; baseline -0.002 -14"><span class='ocrx_word' id='word_1_5' title='bbox 224 640 286 688; x_wconf 92' lang='lat' dir='ltr'>nec</span> <span class='ocrx_word' id='word_1_6' title='bbox 303 623 524 702; x_wconf 90' lang='lat' dir='ltr'>ascendendo,</span> <span class='ocrx_word' id='word_1_7' title='bbox 542 640 603 685; x_wconf 90' lang='lat' dir='ltr'>nec</span> <span class='ocrx_word' id='word_1_8' title='bbox 620 625 862 700; x_wconf 89' lang='lat' dir='ltr'>descendendo,</span> <span class='ocrx_word' id='word_1_9' title='bbox 881 641 941 686; x_wconf 92' lang='lat' dir='ltr'>nec</span> <span class='ocrx_word' id='word_1_10' title='bbox 958 626 1020 685; x_wconf 88' lang='lat' dir='ltr'>hac</span> <span class='ocrx_word' id='word_1_11' title='bbox 1037 633 1070 684; x_wconf 90' lang='lat' dir='ltr'>et</span> <span class='ocrx_word' id='word_1_12' title='bbox 1087 626 1164 685; x_wconf 89' lang='lat' dir='ltr'>illac</span> <span class='ocrx_word' id='word_1_13' title='bbox 1181 624 1376 684; x_wconf 86' lang='lat' dir='ltr'>divertendo</span> <span class='ocrx_word' id='word_1_14' title='bbox 1400 631 1564 698; x_wconf 67' lang='lat' dir='ltr'>moretum</span> <span class='ocrx_word' id='word_1_15' title='bbox 1582 625 1661 700; x_wconf 87' lang='lat' dir='ltr'>quia</span> <span class='ocrx_word' id='word_1_16' title='bbox 1678 625 1782 685; x_wconf 85' lang='lat' dir='ltr'>obdu-</span> 
     </span>
     <span class='ocr_line' id='line_1_3' title="bbox 225 727 1781 807; baseline -0.004 -15"><span class='ocrx_word' id='word_1_17' title='bbox 225 733 312 792; x_wconf 82' lang='lat' dir='ltr'><strong>ratio</strong></span> <span class='ocrx_word' id='word_1_18' title='bbox 330 731 370 792; x_wconf 90' lang='lat' dir='ltr'>ad</span> <span class='ocrx_word' id='word_1_19' title='bbox 388 731 563 807; x_wconf 81' lang='lat' dir='ltr'><strong>superiora</strong></span> <span class='ocrx_word' id='word_1_20' title='bbox 581 746 646 790; x_wconf 92' lang='lat' dir='ltr'>non</span> <span class='ocrx_word' id='word_1_21' title='bbox 663 729 780 804; x_wconf 90' lang='lat' dir='ltr'>tendit,</span> <span class='ocrx_word' id='word_1_22' title='bbox 799 736 836 790; x_wconf 95' lang='lat' dir='ltr'>ut</span> <span class='ocrx_word' id='word_1_23' title='bbox 856 735 994 806; x_wconf 88' lang='lat' dir='ltr'>propter</span> <span class='ocrx_word' id='word_1_24' title='bbox 1010 729 1114 788; x_wconf 88' lang='lat' dir='ltr'>Deum</span> <span class='ocrx_word' id='word_1_25' title='bbox 1132 749 1150 788; x_wconf 89' lang='lat' dir='ltr'>a</span> <span class='ocrx_word' id='word_1_26' title='bbox 1169 729 1296 789; x_wconf 89' lang='lat' dir='ltr'>malitia</span> <span class='ocrx_word' id='word_1_27' title='bbox 1314 745 1375 788; x_wconf 89' lang='lat' dir='ltr'>sua</span> <span class='ocrx_word' id='word_1_28' title='bbox 1401 729 1575 804; x_wconf 80' lang='lat' dir='ltr'>liquescet3</span> <span class='ocrx_word' id='word_1_29' title='bbox 1595 743 1655 787; x_wconf 91' lang='lat' dir='ltr'>nec</span> <span class='ocrx_word' id='word_1_30' title='bbox 1672 727 1713 787; x_wconf 92' lang='lat' dir='ltr'>ad</span> <span class='ocrx_word' id='word_1_31' title='bbox 1733 727 1781 786; x_wconf 91' lang='lat' dir='ltr'>in-</span> 
     </span>
     <span class='ocr_line' id='line_1_4' title="bbox 227 813 1780 908; baseline -0.003 -16"><span class='ocrx_word' id='word_1_32' title='bbox 227 834 351 893; x_wconf 80' lang='lat' dir='ltr'>teriora</span> <span class='ocrx_word' id='word_1_33' title='bbox 367 833 514 893; x_wconf 82' lang='lat' dir='ltr'>declinat</span> <span class='ocrx_word' id='word_1_34' title='bbox 544 839 581 892; x_wconf 94' lang='lat' dir='ltr'>ut</span> <span class='ocrx_word' id='word_1_35' title='bbox 597 838 734 908; x_wconf 90' lang='lat' dir='ltr'>propter</span> <span class='ocrx_word' id='word_1_36' title='bbox 750 831 918 892; x_wconf 90' lang='lat' dir='ltr'>bominem</span> <span class='ocrx_word' id='word_1_37' title='bbox 934 832 1059 892; x_wconf 88' lang='lat' dir='ltr'>duritia</span> <span class='ocrx_word' id='word_1_38' title='bbox 1076 849 1138 892; x_wconf 89' lang='lat' dir='ltr'>sua</span> <span class='ocrx_word' id='word_1_39' title='bbox 1157 833 1340 906; x_wconf 90' lang='lat' dir='ltr'>mollescat;</span> <span class='ocrx_word' id='word_1_40' title='bbox 1359 847 1420 891; x_wconf 92' lang='lat' dir='ltr'>nec</span> <span class='ocrx_word' id='word_1_41' title='bbox 1437 831 1478 890; x_wconf 87' lang='lat' dir='ltr'>ad</span> <span class='ocrx_word' id='word_1_42' title='bbox 1496 832 1580 891; x_wconf 90' lang='lat' dir='ltr'>alias</span> <span class='ocrx_word' id='word_1_43' title='bbox 1604 813 1780 891; x_wconf 90' lang='lat' dir='ltr'>creaturas</span> 
     </span>
     <span class='ocr_line' id='line_1_5' title="bbox 225 937 1782 1025; baseline 0.001 -29"><span class='ocrx_word' id='word_1_44' title='bbox 225 937 375 1011; x_wconf 85' lang='lat' dir='ltr'>divertit,</span> <span class='ocrx_word' id='word_1_45' title='bbox 394 943 430 996; x_wconf 91' lang='lat' dir='ltr'>ut</span> <span class='ocrx_word' id='word_1_46' title='bbox 453 941 592 1013; x_wconf 86' lang='lat' dir='ltr'>propter</span> <span class='ocrx_word' id='word_1_47' title='bbox 609 937 685 996; x_wconf 89' lang='lat' dir='ltr'>illas</span> <span class='ocrx_word' id='word_1_48' title='bbox 710 937 895 1012; x_wconf 81' lang='lat' dir='ltr'>ansquilia</span> <span class='ocrx_word' id='word_1_49' title='bbox 919 953 979 996; x_wconf 87' lang='lat' dir='ltr'>sua</span> <span class='ocrx_word' id='word_1_50' title='bbox 997 943 1117 1025; x_wconf 86' lang='lat' dir='ltr'>cesset:</span> <span class='ocrx_word' id='word_1_51' title='bbox 1143 937 1201 997; x_wconf 88' lang='lat' dir='ltr'>sed</span> <span class='ocrx_word' id='word_1_52' title='bbox 1220 943 1347 997; x_wconf 89' lang='lat' dir='ltr'>tantum</span> <span class='ocrx_word' id='word_1_53' title='bbox 1373 937 1436 997; x_wconf 76' lang='lat' dir='ltr'>lixa</span> <span class='ocrx_word' id='word_1_54' title='bbox 1454 939 1485 998; x_wconf 94' lang='lat' dir='ltr'>in</span> <span class='ocrx_word' id='word_1_55' title='bbox 1511 937 1673 1014; x_wconf 89' lang='lat' dir='ltr'>praelatis</span> <span class='ocrx_word' id='word_1_56' title='bbox 1691 944 1782 998; x_wconf 86' lang='lat' dir='ltr'>tene·</span> 
     </span>
     <span class='ocr_line' id='line_1_6' title="bbox 223 1021 1778 1118; baseline 0 -16"><span class='ocrx_word' id='word_1_57' title='bbox 223 1041 295 1102; x_wconf 93' lang='lat' dir='ltr'>bris</span> <span class='ocrx_word' id='word_1_58' title='bbox 312 1049 435 1117; x_wconf 89' lang='lat' dir='ltr'>manet,</span> <span class='ocrx_word' id='word_1_59' title='bbox 453 1042 612 1118; x_wconf 89' lang='lat' dir='ltr'>quonlam</span> <span class='ocrx_word' id='word_1_60' title='bbox 637 1043 669 1101; x_wconf 93' lang='lat' dir='ltr'>in</span> <span class='ocrx_word' id='word_1_61' title='bbox 687 1059 751 1102; x_wconf 93' lang='lat' dir='ltr'>uno</span> <span class='ocrx_word' id='word_1_62' title='bbox 769 1047 861 1102; x_wconf 89' lang='lat' dir='ltr'>statu</span> <span class='ocrx_word' id='word_1_63' title='bbox 877 1043 1005 1118; x_wconf 88' lang='lat' dir='ltr'>absque</span> <span class='ocrx_word' id='word_1_64' title='bbox 1029 1021 1119 1102; x_wconf 91' lang='lat' dir='ltr'>omni</span> <span class='ocrx_word' id='word_1_65' title='bbox 1137 1043 1281 1103; x_wconf 89' lang='lat' dir='ltr'>motione</span> <span class='ocrx_word' id='word_1_66' title='bbox 1307 1044 1340 1102; x_wconf 93' lang='lat' dir='ltr'>in</span> <span class='ocrx_word' id='word_1_67' title='bbox 1357 1043 1650 1103; x_wconf 84' lang='lat' dir='ltr'>maledictionibus</span> <span class='ocrx_word' id='word_1_68' title='bbox 1675 1042 1778 1102; x_wconf 88' lang='lat' dir='ltr'>male-</span> 
     </span>
     <span class='ocr_line' id='line_1_7' title="bbox 221 1145 1818 1222; baseline -0.001 -18"><span class='ocrx_word' id='word_1_69' title='bbox 221 1145 407 1206; x_wconf 83' lang='lat' dir='ltr'>dictionum</span> <span class='ocrx_word' id='word_1_70' title='bbox 429 1153 637 1221; x_wconf 88' lang='lat' dir='ltr'>perseverat,</span> <span class='ocrx_word' id='word_1_71' title='bbox 655 1146 735 1221; x_wconf 88' lang='lat' dir='ltr'>quia</span> <span class='ocrx_word' id='word_1_72' title='bbox 760 1145 844 1206; x_wconf 90' lang='lat' dir='ltr'>nibil</span> <span class='ocrx_word' id='word_1_73' title='bbox 860 1145 952 1204; x_wconf 90' lang='lat' dir='ltr'>aliud</span> <span class='ocrx_word' id='word_1_74' title='bbox 969 1162 1070 1222; x_wconf 87' lang='lat' dir='ltr'>quam</span> <span class='ocrx_word' id='word_1_75' title='bbox 1088 1145 1289 1206; x_wconf 86' lang='lat' dir='ltr'>aillictiones</span> <span class='ocrx_word' id='word_1_76' title='bbox 1308 1145 1478 1206; x_wconf 89' lang='lat' dir='ltr'>bominum</span> <span class='ocrx_word' id='word_1_77' title='bbox 1503 1145 1683 1208; x_wconf 86' lang='lat' dir='ltr'>desideret.</span> <span class='ocrx_word' id='word_1_78' title='bbox 1701 1145 1779 1220; x_wconf 89' lang='lat' dir='ltr'>Ipsa</span> <span class='ocrx_word' id='word_1_79' title='bbox 1812 1193 1818 1204; x_wconf 94' lang='lat'><em>.</em></span> 
     </span>
     <span class='ocr_line' id='line_1_8' title="bbox 222 1247 1778 1327; baseline -0.001 -18"><span class='ocrx_word' id='word_1_80' title='bbox 222 1251 313 1310; x_wconf 87' lang='lat' dir='ltr'>enim</span> <span class='ocrx_word' id='word_1_81' title='bbox 329 1250 417 1310; x_wconf 90' lang='lat' dir='ltr'>sicut</span> <span class='ocrx_word' id='word_1_82' title='bbox 430 1250 617 1327; x_wconf 81' lang='lat' dir='ltr'><strong>plumbum,</strong></span> <span class='ocrx_word' id='word_1_83' title='bbox 631 1248 720 1326; x_wconf 86' lang='lat' dir='ltr'>quod</span> <span class='ocrx_word' id='word_1_84' title='bbox 734 1249 768 1309; x_wconf 92' lang='lat' dir='ltr'>in</span> <span class='ocrx_word' id='word_1_85' title='bbox 780 1247 995 1308; x_wconf 89' lang='lat' dir='ltr'>vehementes</span> <span class='ocrx_word' id='word_1_86' title='bbox 1012 1266 1117 1325; x_wconf 88' lang='lat' dir='ltr'>aquas</span> <span class='ocrx_word' id='word_1_87' title='bbox 1135 1249 1291 1326; x_wconf 90' lang='lat' dir='ltr'>mittitur,</span> <span class='ocrx_word' id='word_1_88' title='bbox 1310 1250 1344 1308; x_wconf 93' lang='lat' dir='ltr'>in</span> <span class='ocrx_word' id='word_1_89' title='bbox 1359 1247 1587 1325; x_wconf 80' lang='lat' dir='ltr'>profunditate</span> <span class='ocrx_word' id='word_1_90' title='bbox 1596 1249 1698 1325; x_wconf 78' lang='lat' dir='ltr'>jacet,</span> <span class='ocrx_word' id='word_1_91' title='bbox 1716 1263 1778 1310; x_wconf 85' lang='lat' dir='ltr'>nec</span> 
     </span>
     <span class='ocr_line' id='line_1_9' title="bbox 224 1353 1780 1430; baseline 0 -16"><span class='ocrx_word' id='word_1_92' title='bbox 224 1369 262 1414; x_wconf 82' lang='lat' dir='ltr'>se</span> <span class='ocrx_word' id='word_1_93' title='bbox 278 1355 320 1414; x_wconf 86' lang='lat' dir='ltr'>ad</span> <span class='ocrx_word' id='word_1_94' title='bbox 338 1356 441 1414; x_wconf 90' lang='lat' dir='ltr'>ullius</span> <span class='ocrx_word' id='word_1_95' title='bbox 457 1353 668 1414; x_wconf 90' lang='lat' dir='ltr'>commodum</span> <span class='ocrx_word' id='word_1_96' title='bbox 686 1359 808 1427; x_wconf 89' lang='lat' dir='ltr'>movet;</span> <span class='ocrx_word' id='word_1_97' title='bbox 828 1353 887 1412; x_wconf 92' lang='lat' dir='ltr'>sed</span> <span class='ocrx_word' id='word_1_98' title='bbox 903 1353 1075 1413; x_wconf 83' lang='lat' dir='ltr'>dexteram</span> <span class='ocrx_word' id='word_1_99' title='bbox 1091 1353 1222 1414; x_wconf 87' lang='lat' dir='ltr'>Domini</span> <span class='ocrx_word' id='word_1_100' title='bbox 1246 1353 1342 1429; x_wconf 83' lang='lat' dir='ltr'>sugit,</span> <span class='ocrx_word' id='word_1_101' title='bbox 1358 1369 1445 1430; x_wconf 84' lang='lat' dir='ltr'>quae</span> <span class='ocrx_word' id='word_1_102' title='bbox 1462 1354 1573 1414; x_wconf 89' lang='lat' dir='ltr'>omnia</span> <span class='ocrx_word' id='word_1_103' title='bbox 1599 1353 1632 1414; x_wconf 92' lang='lat' dir='ltr'>in</span> <span class='ocrx_word' id='word_1_104' title='bbox 1648 1359 1780 1414; x_wconf 80' lang='lat' dir='ltr'>creatu·</span> 
     </span>
     <span class='ocr_line' id='line_1_10' title="bbox 226 1456 1779 1533; baseline 0.002 -18"><span class='ocrx_word' id='word_1_105' title='bbox 226 1458 274 1516; x_wconf 89' lang='lat' dir='ltr'>ris</span> <span class='ocrx_word' id='word_1_106' title='bbox 291 1457 332 1516; x_wconf 88' lang='lat' dir='ltr'>ad</span> <span class='ocrx_word' id='word_1_107' title='bbox 349 1458 532 1517; x_wconf 73' lang='lat' dir='ltr'>utilitatem</span> <span class='ocrx_word' id='word_1_108' title='bbox 549 1457 694 1516; x_wconf 88' lang='lat' dir='ltr'>hominis</span> <span class='ocrx_word' id='word_1_109' title='bbox 711 1456 975 1533; x_wconf 87' lang='lat' dir='ltr'>comprehendit,</span> <span class='ocrx_word' id='word_1_110' title='bbox 992 1463 1026 1516; x_wconf 91' lang='lat' dir='ltr'>et</span> <span class='ocrx_word' id='word_1_111' title='bbox 1043 1473 1128 1532; x_wconf 89' lang='lat' dir='ltr'>quae</span> <span class='ocrx_word' id='word_1_112' title='bbox 1144 1456 1309 1518; x_wconf 90' lang='lat' dir='ltr'>hominem</span> <span class='ocrx_word' id='word_1_113' title='bbox 1333 1457 1504 1530; x_wconf 83' lang='lat' dir='ltr'>exaltavit,</span> <span class='ocrx_word' id='word_1_114' title='bbox 1523 1472 1562 1516; x_wconf 90' lang='lat' dir='ltr'>ac</span> <span class='ocrx_word' id='word_1_115' title='bbox 1577 1472 1655 1516; x_wconf 91' lang='lat' dir='ltr'>eum</span> <span class='ocrx_word' id='word_1_116' title='bbox 1672 1456 1705 1516; x_wconf 93' lang='lat' dir='ltr'>in</span> <span class='ocrx_word' id='word_1_117' title='bbox 1720 1473 1779 1532; x_wconf 81' lang='lat' dir='ltr'>pa-</span> 
     </span>
     <span class='ocr_line' id='line_1_11' title="bbox 223 1560 1777 1636; baseline 0.001 -16"><span class='ocrx_word' id='word_1_118' title='bbox 223 1573 264 1620; x_wconf 91' lang='lat' dir='ltr'>ce</span> <span class='ocrx_word' id='word_1_119' title='bbox 281 1561 467 1620; x_wconf 90' lang='lat' dir='ltr'>constituit.</span> <span class='ocrx_word' id='word_1_120' title='bbox 485 1561 567 1622; x_wconf 87' lang='lat' dir='ltr'>Nam</span> <span class='ocrx_word' id='word_1_121' title='bbox 583 1561 672 1620; x_wconf 86' lang='lat' dir='ltr'>Deus</span> <span class='ocrx_word' id='word_1_122' title='bbox 688 1560 856 1620; x_wconf 91' lang='lat' dir='ltr'>bominem</span> <span class='ocrx_word' id='word_1_123' title='bbox 874 1567 910 1620; x_wconf 91' lang='lat' dir='ltr'>ut</span> <span class='ocrx_word' id='word_1_124' title='bbox 933 1561 1222 1636; x_wconf 88' lang='lat' dir='ltr'>elegantissimum</span> <span class='ocrx_word' id='word_1_125' title='bbox 1239 1561 1383 1636; x_wconf 82' lang='lat' dir='ltr'>lapidem</span> <span class='ocrx_word' id='word_1_126' title='bbox 1401 1561 1434 1620; x_wconf 91' lang='lat' dir='ltr'>in</span> <span class='ocrx_word' id='word_1_127' title='bbox 1457 1565 1583 1624; x_wconf 89' lang='lat' dir='ltr'>terram</span> <span class='ocrx_word' id='word_1_128' title='bbox 1600 1560 1724 1636; x_wconf 81' lang='lat' dir='ltr'>posuit,</span> <span class='ocrx_word' id='word_1_129' title='bbox 1743 1561 1777 1622; x_wconf 90' lang='lat' dir='ltr'>in</span> 
     </span>
     <span class='ocr_line' id='line_1_12' title="bbox 221 1659 1778 1743; baseline 0.003 -21"><span class='ocrx_word' id='word_1_130' title='bbox 221 1663 320 1739; x_wconf 78' lang='lat' dir='ltr'>cuius</span> <span class='ocrx_word' id='word_1_131' title='bbox 337 1663 467 1740; x_wconf 78' lang='lat' dir='ltr'>fulgore</span> <span class='ocrx_word' id='word_1_132' title='bbox 484 1664 593 1724; x_wconf 87' lang='lat' dir='ltr'>omnis</span> <span class='ocrx_word' id='word_1_133' title='bbox 609 1669 766 1724; x_wconf 89' lang='lat' dir='ltr'>creatura</span> <span class='ocrx_word' id='word_1_134' title='bbox 783 1679 819 1736; x_wconf 85' lang='lat' dir='ltr'>se</span> <span class='ocrx_word' id='word_1_135' title='bbox 844 1664 952 1740; x_wconf 88' lang='lat' dir='ltr'>ipsam</span> <span class='ocrx_word' id='word_1_136' title='bbox 969 1665 1171 1740; x_wconf 86' lang='lat' dir='ltr'>considerat,</span> <span class='ocrx_word' id='word_1_137' title='bbox 1199 1665 1277 1740; x_wconf 88' lang='lat' dir='ltr'>quia</span> <span class='ocrx_word' id='word_1_138' title='bbox 1295 1665 1366 1740; x_wconf 90' lang='lat' dir='ltr'>ipse</span> <span class='ocrx_word' id='word_1_139' title='bbox 1383 1659 1405 1743; x_wconf 87' lang='lat'>¹)</span> <span class='ocrx_word' id='word_1_140' title='bbox 1432 1681 1534 1740; x_wconf 89' lang='lat' dir='ltr'>supra</span> <span class='ocrx_word' id='word_1_141' title='bbox 1551 1680 1668 1728; x_wconf 90' lang='lat' dir='ltr'>omnes</span> <span class='ocrx_word' id='word_1_142' title='bbox 1683 1681 1778 1726; x_wconf 88' lang='lat' dir='ltr'>crea-</span> 
     </span>
     <span class='ocr_line' id='line_1_13' title="bbox 222 1767 1772 1848; baseline 0.004 -22"><span class='ocrx_word' id='word_1_143' title='bbox 222 1772 319 1827; x_wconf 90' lang='lat' dir='ltr'>turas</span> <span class='ocrx_word' id='word_1_144' title='bbox 334 1774 398 1828; x_wconf 86' lang='lat' dir='ltr'>est:</span> <span class='ocrx_word' id='word_1_145' title='bbox 416 1774 450 1828; x_wconf 91' lang='lat' dir='ltr'>et</span> <span class='ocrx_word' id='word_1_146' title='bbox 467 1767 540 1828; x_wconf 92' lang='lat' dir='ltr'>ideo</span> <span class='ocrx_word' id='word_1_147' title='bbox 567 1767 722 1828; x_wconf 92' lang='lat' dir='ltr'>illicitum</span> <span class='ocrx_word' id='word_1_148' title='bbox 737 1774 802 1842; x_wconf 89' lang='lat' dir='ltr'>est,</span> <span class='ocrx_word' id='word_1_149' title='bbox 827 1768 915 1844; x_wconf 91' lang='lat' dir='ltr'>quod</span> <span class='ocrx_word' id='word_1_150' title='bbox 933 1769 1109 1830; x_wconf 87' lang='lat' dir='ltr'>obduratio</span> <span class='ocrx_word' id='word_1_151' title='bbox 1126 1785 1203 1828; x_wconf 89' lang='lat' dir='ltr'>eum</span> <span class='ocrx_word' id='word_1_152' title='bbox 1226 1785 1286 1846; x_wconf 90' lang='lat' dir='ltr'>pro</span> <span class='ocrx_word' id='word_1_153' title='bbox 1305 1768 1409 1830; x_wconf 88' lang='lat' dir='ltr'>nihilo</span> <span class='ocrx_word' id='word_1_154' title='bbox 1425 1774 1609 1846; x_wconf 88' lang='lat' dir='ltr'>computat,</span> <span class='ocrx_word' id='word_1_155' title='bbox 1634 1774 1667 1828; x_wconf 91' lang='lat' dir='ltr'>et</span> <span class='ocrx_word' id='word_1_156' title='bbox 1683 1771 1772 1848; x_wconf 86' lang='lat' dir='ltr'>quod</span> 
     </span>
     <span class='ocr_line' id='line_1_14' title="bbox 220 1871 1773 1949; baseline 0.001 -18"><span class='ocrx_word' id='word_1_157' title='bbox 220 1887 260 1931; x_wconf 91' lang='lat' dir='ltr'>se</span> <span class='ocrx_word' id='word_1_158' title='bbox 276 1871 440 1932; x_wconf 87' lang='lat' dir='ltr'>adversus</span> <span class='ocrx_word' id='word_1_159' title='bbox 453 1872 548 1934; x_wconf 89' lang='lat' dir='ltr'>illum</span> <span class='ocrx_word' id='word_1_160' title='bbox 562 1871 705 1934; x_wconf 88' lang='lat' dir='ltr'>indurat.</span> <span class='ocrx_word' id='word_1_161' title='bbox 719 1871 809 1932; x_wconf 89' lang='lat' dir='ltr'>Haec</span> <span class='ocrx_word' id='word_1_162' title='bbox 822 1873 910 1932; x_wconf 93' lang='lat' dir='ltr'>enim</span> <span class='ocrx_word' id='word_1_163' title='bbox 923 1874 1108 1949; x_wconf 90' lang='lat' dir='ltr'>pessimum</span> <span class='ocrx_word' id='word_1_164' title='bbox 1121 1874 1246 1936; x_wconf 90' lang='lat' dir='ltr'>malum</span> <span class='ocrx_word' id='word_1_165' title='bbox 1260 1873 1425 1932; x_wconf 89' lang='lat' dir='ltr'>malorum</span> <span class='ocrx_word' id='word_1_166' title='bbox 1440 1879 1504 1946; x_wconf 90' lang='lat' dir='ltr'>est,</span> <span class='ocrx_word' id='word_1_167' title='bbox 1523 1872 1606 1932; x_wconf 93' lang='lat' dir='ltr'>nulli</span> <span class='ocrx_word' id='word_1_168' title='bbox 1619 1888 1773 1948; x_wconf 87' lang='lat' dir='ltr'>parcens,</span> 
     </span>
     <span class='ocr_line' id='line_1_15' title="bbox 222 1975 1778 2054; baseline 0.001 -17"><span class='ocrx_word' id='word_1_169' title='bbox 222 1976 307 2037; x_wconf 91' lang='lat' dir='ltr'>nulli</span> <span class='ocrx_word' id='word_1_170' title='bbox 323 1975 590 2038; x_wconf 85' lang='lat' dir='ltr'>misericordiam</span> <span class='ocrx_word' id='word_1_171' title='bbox 614 1975 786 2050; x_wconf 83' lang='lat' dir='ltr'>exbibens;</span> <span class='ocrx_word' id='word_1_172' title='bbox 806 1977 865 2038; x_wconf 88' lang='lat' dir='ltr'>sed</span> <span class='ocrx_word' id='word_1_173' title='bbox 883 1977 1051 2038; x_wconf 87' lang='lat' dir='ltr'>bominem</span> <span class='ocrx_word' id='word_1_174' title='bbox 1074 1978 1230 2054; x_wconf 87' lang='lat' dir='ltr'>despicit,</span> <span class='ocrx_word' id='word_1_175' title='bbox 1248 1983 1281 2038; x_wconf 89' lang='lat' dir='ltr'>et</span> <span class='ocrx_word' id='word_1_176' title='bbox 1298 1996 1317 2038; x_wconf 90' lang='lat' dir='ltr'>a</span> <span class='ocrx_word' id='word_1_177' title='bbox 1334 1978 1508 2038; x_wconf 89' lang='lat' dir='ltr'>commodo</span> <span class='ocrx_word' id='word_1_178' title='bbox 1533 1977 1625 2038; x_wconf 89' lang='lat' dir='ltr'>illius</span> <span class='ocrx_word' id='word_1_179' title='bbox 1641 1991 1678 2038; x_wconf 89' lang='lat' dir='ltr'>se</span> <span class='ocrx_word' id='word_1_180' title='bbox 1700 1978 1778 2038; x_wconf 88' lang='lat' dir='ltr'>snb·</span> 
     </span>
     <span class='ocr_line' id='line_1_16' title="bbox 223 2081 1774 2159; baseline -0.001 -16"><span class='ocrx_word' id='word_1_181' title='bbox 223 2082 338 2156; x_wconf 82' lang='lat' dir='ltr'>trabit,</span> <span class='ocrx_word' id='word_1_182' title='bbox 363 2097 425 2142; x_wconf 91' lang='lat' dir='ltr'>nec</span> <span class='ocrx_word' id='word_1_183' title='bbox 448 2082 479 2142; x_wconf 89' lang='lat' dir='ltr'>ei</span> <span class='ocrx_word' id='word_1_184' title='bbox 502 2081 701 2158; x_wconf 78' lang='lat' dir='ltr'>congaudet,</span> <span class='ocrx_word' id='word_1_185' title='bbox 726 2097 787 2142; x_wconf 89' lang='lat' dir='ltr'>nec</span> <span class='ocrx_word' id='word_1_186' title='bbox 810 2081 841 2141; x_wconf 92' lang='lat' dir='ltr'>ei</span> <span class='ocrx_word' id='word_1_187' title='bbox 866 2082 951 2142; x_wconf 92' lang='lat' dir='ltr'>bona</span> <span class='ocrx_word' id='word_1_188' title='bbox 975 2083 1166 2159; x_wconf 85' lang='lat' dir='ltr'>persuadet,</span> <span class='ocrx_word' id='word_1_189' title='bbox 1193 2083 1252 2142; x_wconf 90' lang='lat' dir='ltr'>sed</span> <span class='ocrx_word' id='word_1_190' title='bbox 1276 2084 1310 2144; x_wconf 95' lang='lat' dir='ltr'>in</span> <span class='ocrx_word' id='word_1_191' title='bbox 1326 2083 1480 2144; x_wconf 89' lang='lat' dir='ltr'>omnibus</span> <span class='ocrx_word' id='word_1_192' title='bbox 1503 2082 1589 2142; x_wconf 89' lang='lat' dir='ltr'>dura</span> <span class='ocrx_word' id='word_1_193' title='bbox 1612 2081 1774 2156; x_wconf 85' lang='lat' dir='ltr'>existens,</span> 
     </span>
     <span class='ocr_line' id='line_1_17' title="bbox 220 2185 1775 2262; baseline 0.004 -18"><span class='ocrx_word' id='word_1_194' title='bbox 220 2185 335 2244; x_wconf 78' lang='lat' dir='ltr'>cannia</span> <span class='ocrx_word' id='word_1_195' title='bbox 350 2185 544 2258; x_wconf 89' lang='lat' dir='ltr'>contemnit,</span> <span class='ocrx_word' id='word_1_196' title='bbox 562 2185 655 2244; x_wconf 90' lang='lat' dir='ltr'>velut</span> <span class='ocrx_word' id='word_1_197' title='bbox 670 2185 773 2244; x_wconf 85' lang='lat' dir='ltr'>etiam</span> <span class='ocrx_word' id='word_1_198' title='bbox 791 2187 824 2244; x_wconf 91' lang='lat' dir='ltr'>in</span> <span class='ocrx_word' id='word_1_199' title='bbox 841 2185 955 2248; x_wconf 87' lang='lat' dir='ltr'>verbis</span> <span class='ocrx_word' id='word_1_200' title='bbox 972 2188 1055 2262; x_wconf 90' lang='lat' dir='ltr'>suis,</span> <span class='ocrx_word' id='word_1_201' title='bbox 1075 2192 1112 2246; x_wconf 93' lang='lat' dir='ltr'>ut</span> <span class='ocrx_word' id='word_1_202' title='bbox 1128 2187 1335 2262; x_wconf 88' lang='lat' dir='ltr'>praedictum</span> <span class='ocrx_word' id='word_1_203' title='bbox 1360 2192 1423 2261; x_wconf 90' lang='lat' dir='ltr'>est,</span> <span class='ocrx_word' id='word_1_204' title='bbox 1442 2185 1598 2246; x_wconf 88' lang='lat' dir='ltr'>ostendit.</span> <span class='ocrx_word' id='word_1_205' title='bbox 1617 2186 1677 2248; x_wconf 85' lang='lat' dir='ltr'>Cui</span> <span class='ocrx_word' id='word_1_206' title='bbox 1694 2201 1775 2250; x_wconf 79' lang='lat' dir='ltr'>vera</span> 
     </span>
     <span class='ocr_line' id='line_1_18' title="bbox 226 2286 1650 2364; baseline 0 -18"><span class='ocrx_word' id='word_1_207' title='bbox 226 2286 459 2347; x_wconf 89' lang='lat' dir='ltr'>misericordia</span> <span class='ocrx_word' id='word_1_208' title='bbox 476 2287 666 2362; x_wconf 86' lang='lat' dir='ltr'>respondet,</span> <span class='ocrx_word' id='word_1_209' title='bbox 684 2293 718 2348; x_wconf 92' lang='lat' dir='ltr'>et</span> <span class='ocrx_word' id='word_1_210' title='bbox 735 2294 771 2347; x_wconf 93' lang='lat' dir='ltr'>ut</span> <span class='ocrx_word' id='word_1_211' title='bbox 788 2287 874 2348; x_wconf 87' lang='lat' dir='ltr'>bona</span> <span class='ocrx_word' id='word_1_212' title='bbox 890 2289 1047 2349; x_wconf 86' lang='lat' dir='ltr'>omnibus</span> <span class='ocrx_word' id='word_1_213' title='bbox 1064 2289 1204 2364; x_wconf 89' lang='lat' dir='ltr'>benigne</span> <span class='ocrx_word' id='word_1_214' title='bbox 1221 2287 1466 2364; x_wconf 87' lang='lat' dir='ltr'>impendantur,</span> <span class='ocrx_word' id='word_1_215' title='bbox 1485 2287 1650 2352; x_wconf 87' lang='lat' dir='ltr'>admonet.</span> 
     </span>
    </p>
   </div>
   <div class='ocr_carea' id='block_1_3' title="bbox 946 2495 1052 2556">
    <p class='ocr_par' dir='ltr' id='par_1_3' title="bbox 946 2495 1052 2556">
     <span class='ocr_line' id='line_1_19' title="bbox 946 2495 1052 2556; baseline 0 0"><span class='ocrx_word' id='word_1_216' title='bbox 946 2495 1052 2556; x_wconf 86' lang='lat' dir='ltr'><strong>LXXI.</strong></span> 
     </span>
    </p>
   </div>
   <div class='ocr_carea' id='block_1_4' title="bbox 891 2707 1103 2784">
    <p class='ocr_par' dir='ltr' id='par_1_4' title="bbox 891 2707 1103 2784">
     <span class='ocr_line' id='line_1_20' title="bbox 891 2707 1103 2784; baseline 0.014 -16"><span class='ocrx_word' id='word_1_217' title='bbox 891 2707 937 2768; x_wconf 82' lang='lat' dir='ltr'>Dc</span> <span class='ocrx_word' id='word_1_218' title='bbox 961 2709 1103 2784; x_wconf 61' lang='lat' dir='ltr'>maaria.</span> 
     </span>
    </p>
   </div>
   <div class='ocr_carea' id='block_1_5' title="bbox 268 2906 1776 2994">
    <p class='ocr_par' dir='ltr' id='par_1_5' title="bbox 268 2906 1776 2994">
     <span class='ocr_line' id='line_1_21' title="bbox 268 2906 1776 2994; baseline 0.002 -21"><span class='ocrx_word' id='word_1_219' title='bbox 268 2906 321 2974; x_wconf 72' lang='lat' dir='ltr'>dl.</span> <span class='ocrx_word' id='word_1_220' title='bbox 346 2911 409 2974; x_wconf 84' lang='lat' dir='ltr'>Sed</span> <span class='ocrx_word' id='word_1_221' title='bbox 427 2915 543 2990; x_wconf 88' lang='lat' dir='ltr'>quintu</span> <span class='ocrx_word' id='word_1_222' title='bbox 560 2915 670 2991; x_wconf 90' lang='lat' dir='ltr'>imago</span> <span class='ocrx_word' id='word_1_223' title='bbox 695 2915 864 2991; x_wconf 85' lang='lat' dir='ltr'>ignaviam</span> <span class='ocrx_word' id='word_1_224' title='bbox 879 2916 1040 2992; x_wconf 86' lang='lat' dir='ltr'>declarat,</span> <span class='ocrx_word' id='word_1_225' title='bbox 1059 2933 1144 2994; x_wconf 85' lang='lat' dir='ltr'>quae</span> <span class='ocrx_word' id='word_1_226' title='bbox 1160 2917 1416 2978; x_wconf 88' lang='lat' dir='ltr'>obdurationem</span> <span class='ocrx_word' id='word_1_227' title='bbox 1433 2917 1487 2978; x_wconf 91' lang='lat' dir='ltr'>hic</span> <span class='ocrx_word' id='word_1_228' title='bbox 1508 2917 1601 2978; x_wconf 90' lang='lat' dir='ltr'>velut</span> <span class='ocrx_word' id='word_1_229' title='bbox 1618 2915 1776 2978; x_wconf 87' lang='lat' dir='ltr'>sordidus</span> 
     </span>
    </p>
   </div>
   <div class='ocr_carea' id='block_1_6' title="bbox 137 3018 1777 5080">
    <p class='ocr_par' dir='ltr' id='par_1_6' title="bbox 137 3018 1777 5080">
     <span class='ocr_line' id='line_1_22' title="bbox 222 3018 1774 3098; baseline 0.002 -20"><span class='ocrx_word' id='word_1_230' title='bbox 222 3018 311 3079; x_wconf 87' lang='lat' dir='ltr'>livor</span> <span class='ocrx_word' id='word_1_231' title='bbox 325 3020 490 3095; x_wconf 88' lang='lat' dir='ltr'>sequitur,</span> <span class='ocrx_word' id='word_1_232' title='bbox 509 3021 597 3079; x_wconf 89' lang='lat' dir='ltr'>sicut</span> <span class='ocrx_word' id='word_1_233' title='bbox 620 3020 722 3080; x_wconf 91' lang='lat' dir='ltr'>etiam</span> <span class='ocrx_word' id='word_1_234' title='bbox 739 3021 835 3095; x_wconf 88' lang='lat' dir='ltr'>parvi</span> <span class='ocrx_word' id='word_1_235' title='bbox 858 3036 991 3080; x_wconf 90' lang='lat' dir='ltr'>vermes</span> <span class='ocrx_word' id='word_1_236' title='bbox 1008 3038 1047 3082; x_wconf 83' lang='lat' dir='ltr'>er</span> <span class='ocrx_word' id='word_1_237' title='bbox 1064 3029 1155 3082; x_wconf 89' lang='lat' dir='ltr'>terra</span> <span class='ocrx_word' id='word_1_238' title='bbox 1179 3023 1355 3098; x_wconf 86' lang='lat' dir='ltr'>pullulant;</span> <span class='ocrx_word' id='word_1_239' title='bbox 1374 3022 1454 3098; x_wconf 87' lang='lat' dir='ltr'>quia</span> <span class='ocrx_word' id='word_1_240' title='bbox 1477 3027 1656 3097; x_wconf 83' lang='lat' dir='ltr'>postquam</span> <span class='ocrx_word' id='word_1_241' title='bbox 1673 3021 1774 3082; x_wconf 86' lang='lat' dir='ltr'>borno</span> 
     </span>
     <span class='ocr_line' id='line_1_23' title="bbox 222 3123 1776 3203; baseline 0.001 -20"><span class='ocrx_word' id='word_1_242' title='bbox 222 3123 398 3185; x_wconf 86' lang='lat' dir='ltr'>induratus</span> <span class='ocrx_word' id='word_1_243' title='bbox 415 3124 498 3184; x_wconf 93' lang='lat' dir='ltr'>nibil</span> <span class='ocrx_word' id='word_1_244' title='bbox 516 3124 593 3184; x_wconf 90' lang='lat' dir='ltr'>boni</span> <span class='ocrx_word' id='word_1_245' title='bbox 609 3126 805 3201; x_wconf 87' lang='lat' dir='ltr'>quaesierit,</span> <span class='ocrx_word' id='word_1_246' title='bbox 826 3126 858 3185; x_wconf 93' lang='lat' dir='ltr'>in</span> <span class='ocrx_word' id='word_1_247' title='bbox 876 3125 1044 3201; x_wconf 88' lang='lat' dir='ltr'>ignaviam</span> <span class='ocrx_word' id='word_1_248' title='bbox 1062 3129 1216 3202; x_wconf 88' lang='lat' dir='ltr'>vertitur;</span> <span class='ocrx_word' id='word_1_249' title='bbox 1235 3128 1280 3186; x_wconf 87' lang='lat' dir='ltr'>ita</span> <span class='ocrx_word' id='word_1_250' title='bbox 1298 3126 1385 3203; x_wconf 87' lang='lat' dir='ltr'>quod</span> <span class='ocrx_word' id='word_1_251' title='bbox 1401 3125 1484 3186; x_wconf 92' lang='lat' dir='ltr'>nibil</span> <span class='ocrx_word' id='word_1_252' title='bbox 1510 3126 1655 3202; x_wconf 86' lang='lat' dir='ltr'>amplius</span> <span class='ocrx_word' id='word_1_253' title='bbox 1672 3124 1776 3186; x_wconf 80' lang='lat' dir='ltr'>bono·</span> 
     </span>
     <span class='ocr_line' id='line_1_24' title="bbox 224 3227 1776 3307; baseline 0.001 -19"><span class='ocrx_word' id='word_1_254' title='bbox 224 3229 285 3306; x_wconf 87' lang='lat' dir='ltr'>ris,</span> <span class='ocrx_word' id='word_1_255' title='bbox 302 3227 387 3288; x_wconf 92' lang='lat' dir='ltr'>nibil</span> <span class='ocrx_word' id='word_1_256' title='bbox 404 3229 547 3305; x_wconf 84' lang='lat' dir='ltr'>amplius</span> <span class='ocrx_word' id='word_1_257' title='bbox 565 3229 756 3290; x_wconf 86' lang='lat' dir='ltr'>sanctitatis</span> <span class='ocrx_word' id='word_1_258' title='bbox 773 3229 954 3306; x_wconf 86' lang='lat' dir='ltr'>desiderat,</span> <span class='ocrx_word' id='word_1_259' title='bbox 972 3231 1031 3290; x_wconf 90' lang='lat' dir='ltr'>sed</span> <span class='ocrx_word' id='word_1_260' title='bbox 1048 3232 1220 3294; x_wconf 89' lang='lat' dir='ltr'>taediosus</span> <span class='ocrx_word' id='word_1_261' title='bbox 1237 3248 1276 3292; x_wconf 89' lang='lat' dir='ltr'>ac</span> <span class='ocrx_word' id='word_1_262' title='bbox 1293 3231 1479 3292; x_wconf 83' lang='lat' dir='ltr'>obliviosus</span> <span class='ocrx_word' id='word_1_263' title='bbox 1501 3232 1611 3292; x_wconf 89' lang='lat' dir='ltr'>omnis</span> <span class='ocrx_word' id='word_1_264' title='bbox 1627 3230 1776 3307; x_wconf 90' lang='lat' dir='ltr'>probita-</span> 
     </span>
     <span class='ocr_line' id='line_1_25' title="bbox 222 3333 1777 3414; baseline 0.001 -21"><span class='ocrx_word' id='word_1_265' title='bbox 222 3333 270 3394; x_wconf 86' lang='lat' dir='ltr'>tis</span> <span class='ocrx_word' id='word_1_266' title='bbox 287 3339 410 3409; x_wconf 89' lang='lat' dir='ltr'>manet‚</span> <span class='ocrx_word' id='word_1_267' title='bbox 428 3349 489 3394; x_wconf 91' lang='lat' dir='ltr'>nec</span> <span class='ocrx_word' id='word_1_268' title='bbox 504 3335 598 3394; x_wconf 87' lang='lat' dir='ltr'>vitiis</span> <span class='ocrx_word' id='word_1_269' title='bbox 615 3351 651 3394; x_wconf 86' lang='lat' dir='ltr'>se</span> <span class='ocrx_word' id='word_1_270' title='bbox 674 3350 842 3412; x_wconf 91' lang='lat' dir='ltr'>opponere</span> <span class='ocrx_word' id='word_1_271' title='bbox 857 3335 942 3412; x_wconf 89' lang='lat' dir='ltr'>vult,</span> <span class='ocrx_word' id='word_1_272' title='bbox 960 3336 1019 3396; x_wconf 89' lang='lat' dir='ltr'>sed</span> <span class='ocrx_word' id='word_1_273' title='bbox 1036 3353 1075 3396; x_wconf 87' lang='lat' dir='ltr'>ea</span> <span class='ocrx_word' id='word_1_274' title='bbox 1092 3353 1152 3414; x_wconf 90' lang='lat' dir='ltr'>pcr</span> <span class='ocrx_word' id='word_1_275' title='bbox 1169 3337 1335 3414; x_wconf 88' lang='lat' dir='ltr'>ignaviam</span> <span class='ocrx_word' id='word_1_276' title='bbox 1353 3335 1418 3397; x_wconf 90' lang='lat' dir='ltr'>sibi</span> <span class='ocrx_word' id='word_1_277' title='bbox 1443 3335 1592 3396; x_wconf 90' lang='lat' dir='ltr'>attrabit.</span> <span class='ocrx_word' id='word_1_278' title='bbox 1610 3334 1700 3406; x_wconf 87' lang='lat' dir='ltr'>Quae</span> <span class='ocrx_word' id='word_1_279' title='bbox 1717 3333 1777 3394; x_wconf 89' lang='lat' dir='ltr'>hu-</span> 
     </span>
     <span class='ocr_line' id='line_1_26' title="bbox 137 3436 1773 3516; baseline 0.001 -20"><span class='ocrx_word' id='word_1_280' title='bbox 137 3463 140 3468; x_wconf 95' lang='lat'>·</span> <span class='ocrx_word' id='word_1_281' title='bbox 221 3451 358 3496; x_wconf 85' lang='lat' dir='ltr'>manum</span> <span class='ocrx_word' id='word_1_282' title='bbox 382 3443 482 3514; x_wconf 87' lang='lat' dir='ltr'>caput</span> <span class='ocrx_word' id='word_1_283' title='bbox 498 3436 610 3512; x_wconf 91' lang='lat' dir='ltr'>habet,</span> <span class='ocrx_word' id='word_1_284' title='bbox 635 3446 773 3515; x_wconf 87' lang='lat' dir='ltr'>excepto</span> <span class='ocrx_word' id='word_1_285' title='bbox 789 3439 877 3516; x_wconf 88' lang='lat' dir='ltr'>quod</span> <span class='ocrx_word' id='word_1_286' title='bbox 903 3441 1041 3502; x_wconf 88' lang='lat' dir='ltr'>sinistra</span> <span class='ocrx_word' id='word_1_287' title='bbox 1059 3441 1210 3502; x_wconf 88' lang='lat' dir='ltr'>auricula</span> <span class='ocrx_word' id='word_1_288' title='bbox 1234 3441 1306 3516; x_wconf 79' lang='lat' dir='ltr'>eius</span> <span class='ocrx_word' id='word_1_289' title='bbox 1324 3445 1360 3500; x_wconf 92' lang='lat' dir='ltr'>ut</span> <span class='ocrx_word' id='word_1_290' title='bbox 1384 3439 1533 3501; x_wconf 87' lang='lat' dir='ltr'>auricula</span> <span class='ocrx_word' id='word_1_291' title='bbox 1559 3438 1684 3514; x_wconf 89' lang='lat' dir='ltr'>leporis</span> <span class='ocrx_word' id='word_1_292' title='bbox 1708 3440 1773 3510; x_wconf 88' lang='lat' dir='ltr'>est,</span> 
     </span>
     <span class='ocr_line' id='line_1_27' title="bbox 222 3538 1774 3622; baseline -0.001 -24"><span class='ocrx_word' id='word_1_293' title='bbox 222 3538 282 3598; x_wconf 88' lang='lat' dir='ltr'>sed</span> <span class='ocrx_word' id='word_1_294' title='bbox 298 3544 411 3599; x_wconf 89' lang='lat' dir='ltr'>tamen</span> <span class='ocrx_word' id='word_1_295' title='bbox 427 3545 539 3600; x_wconf 80' lang='lat' dir='ltr'>tantae</span> <span class='ocrx_word' id='word_1_296' title='bbox 554 3543 767 3619; x_wconf 86' lang='lat' dir='ltr'>quantitatis,</span> <span class='ocrx_word' id='word_1_297' title='bbox 785 3543 873 3620; x_wconf 89' lang='lat' dir='ltr'>quod</span> <span class='ocrx_word' id='word_1_298' title='bbox 891 3545 964 3621; x_wconf 89' lang='lat' dir='ltr'>ipsa</span> <span class='ocrx_word' id='word_1_299' title='bbox 979 3541 1005 3622; x_wconf 81' lang='lat'>²)</span> <span class='ocrx_word' id='word_1_300' title='bbox 1023 3545 1111 3606; x_wconf 87' lang='lat' dir='ltr'>idem</span> <span class='ocrx_word' id='word_1_301' title='bbox 1128 3552 1228 3620; x_wconf 86' lang='lat' dir='ltr'>caput</span> <span class='ocrx_word' id='word_1_302' title='bbox 1244 3550 1350 3604; x_wconf 91' lang='lat' dir='ltr'>totum</span> <span class='ocrx_word' id='word_1_303' title='bbox 1366 3544 1487 3620; x_wconf 83' lang='lat' dir='ltr'>operit,</span> <span class='ocrx_word' id='word_1_304' title='bbox 1505 3542 1662 3618; x_wconf 87' lang='lat' dir='ltr'>quoniam</span> <span class='ocrx_word' id='word_1_305' title='bbox 1678 3538 1774 3600; x_wconf 91' lang='lat' dir='ltr'>stulti</span> 
     </span>
     <span class='ocr_line' id='line_1_28' title="bbox 224 3643 1772 3728; baseline 0.001 -24"><span class='ocrx_word' id='word_1_306' title='bbox 224 3643 378 3706; x_wconf 87' lang='lat' dir='ltr'>homines</span> <span class='ocrx_word' id='word_1_307' title='bbox 396 3646 429 3705; x_wconf 92' lang='lat' dir='ltr'>in</span> <span class='ocrx_word' id='word_1_308' title='bbox 446 3646 638 3723; x_wconf 87' lang='lat' dir='ltr'>insipientia</span> <span class='ocrx_word' id='word_1_309' title='bbox 655 3665 717 3708; x_wconf 90' lang='lat' dir='ltr'>sua</span> <span class='ocrx_word' id='word_1_310' title='bbox 734 3664 770 3708; x_wconf 87' lang='lat' dir='ltr'>se</span> <span class='ocrx_word' id='word_1_311' title='bbox 786 3649 911 3725; x_wconf 91' lang='lat' dir='ltr'>probos</span> <span class='ocrx_word' id='word_1_312' title='bbox 928 3665 1004 3710; x_wconf 89' lang='lat' dir='ltr'>esse</span> <span class='ocrx_word' id='word_1_313' title='bbox 1020 3655 1150 3726; x_wconf 90' lang='lat' dir='ltr'>putant,</span> <span class='ocrx_word' id='word_1_314' title='bbox 1169 3651 1202 3710; x_wconf 93' lang='lat' dir='ltr'>in</span> <span class='ocrx_word' id='word_1_315' title='bbox 1218 3667 1283 3728; x_wconf 88' lang='lat' dir='ltr'>qua</span> <span class='ocrx_word' id='word_1_316' title='bbox 1299 3651 1401 3710; x_wconf 91' lang='lat' dir='ltr'>etiam</span> <span class='ocrx_word' id='word_1_317' title='bbox 1422 3648 1630 3709; x_wconf 85' lang='lat' dir='ltr'>otiositatem</span> <span class='ocrx_word' id='word_1_318' title='bbox 1647 3649 1772 3718; x_wconf 84' lang='lat' dir='ltr'>amant,</span> 
     </span>
     <span class='ocr_line' id='line_1_29' title="bbox 219 3747 1772 3826; baseline -0.001 -19"><span class='ocrx_word' id='word_1_319' title='bbox 219 3761 281 3807; x_wconf 90' lang='lat' dir='ltr'>nec</span> <span class='ocrx_word' id='word_1_320' title='bbox 296 3747 366 3808; x_wconf 84' lang='lat' dir='ltr'>ulla</span> <span class='ocrx_word' id='word_1_321' title='bbox 382 3747 467 3808; x_wconf 90' lang='lat' dir='ltr'>bona</span> <span class='ocrx_word' id='word_1_322' title='bbox 484 3750 548 3810; x_wconf 89' lang='lat' dir='ltr'>sibi</span> <span class='ocrx_word' id='word_1_323' title='bbox 573 3750 762 3826; x_wconf 89' lang='lat' dir='ltr'>provident,</span> <span class='ocrx_word' id='word_1_324' title='bbox 781 3752 839 3812; x_wconf 90' lang='lat' dir='ltr'>sed</span> <span class='ocrx_word' id='word_1_325' title='bbox 857 3751 899 3812; x_wconf 90' lang='lat' dir='ltr'>ad</span> <span class='ocrx_word' id='word_1_326' title='bbox 924 3754 1048 3814; x_wconf 87' lang='lat' dir='ltr'>malum</span> <span class='ocrx_word' id='word_1_327' title='bbox 1066 3754 1216 3814; x_wconf 89' lang='lat' dir='ltr'>auditum</span> <span class='ocrx_word' id='word_1_328' title='bbox 1241 3769 1277 3814; x_wconf 87' lang='lat' dir='ltr'>se</span> <span class='ocrx_word' id='word_1_329' title='bbox 1294 3757 1539 3825; x_wconf 87' lang='lat' dir='ltr'>convertentes,</span> <span class='ocrx_word' id='word_1_330' title='bbox 1566 3748 1772 3810; x_wconf 88' lang='lat' dir='ltr'>susurratio-</span> 
     </span>
     <span class='ocr_line' id='line_1_30' title="bbox 222 3851 1774 3939; baseline -0.001 -27"><span class='ocrx_word' id='word_1_331' title='bbox 222 3851 321 3912; x_wconf 89' lang='lat' dir='ltr'>nibus</span> <span class='ocrx_word' id='word_1_332' title='bbox 345 3858 380 3910; x_wconf 90' lang='lat' dir='ltr'>et</span> <span class='ocrx_word' id='word_1_333' title='bbox 395 3851 661 3915; x_wconf 88' lang='lat' dir='ltr'>detractionibus</span> <span class='ocrx_word' id='word_1_334' title='bbox 685 3857 852 3932; x_wconf 86' lang='lat' dir='ltr'>ignaviter</span> <span class='ocrx_word' id='word_1_335' title='bbox 869 3857 1040 3933; x_wconf 78' lang='lat' dir='ltr'>insistunt,</span> <span class='ocrx_word' id='word_1_336' title='bbox 1065 3859 1214 3934; x_wconf 83' lang='lat' dir='ltr'>quesita</span> <span class='ocrx_word' id='word_1_337' title='bbox 1236 3857 1390 3939; x_wconf 82' lang='lat' dir='ltr'>dilatant,</span> <span class='ocrx_word' id='word_1_338' title='bbox 1409 3855 1497 3934; x_wconf 84' lang='lat' dir='ltr'>quod</span> <span class='ocrx_word' id='word_1_339' title='bbox 1522 3854 1624 3914; x_wconf 88' lang='lat' dir='ltr'>etiarn</span> <span class='ocrx_word' id='word_1_340' title='bbox 1640 3867 1774 3912; x_wconf 89' lang='lat' dir='ltr'>omnem</span> 
     </span>
     <span class='ocr_line' id='line_1_31' title="bbox 222 3951 1774 4036; baseline 0.003 -24"><span class='ocrx_word' id='word_1_341' title='bbox 222 3951 441 4016; x_wconf 88' lang='lat' dir='ltr'>intentionem</span> <span class='ocrx_word' id='word_1_342' title='bbox 456 3955 569 4016; x_wconf 88' lang='lat' dir='ltr'>cordis</span> <span class='ocrx_word' id='word_1_343' title='bbox 586 3958 640 4018; x_wconf 91' lang='lat' dir='ltr'>sui</span> <span class='ocrx_word' id='word_1_344' title='bbox 657 3959 691 4019; x_wconf 90' lang='lat' dir='ltr'>in</span> <span class='ocrx_word' id='word_1_345' title='bbox 707 3959 874 4034; x_wconf 86' lang='lat' dir='ltr'>pravitate</span> <span class='ocrx_word' id='word_1_346' title='bbox 899 3960 1103 4022; x_wconf 89' lang='lat' dir='ltr'>obnubilant.</span> <span class='ocrx_word' id='word_1_347' title='bbox 1122 3961 1214 4032; x_wconf 90' lang='lat' dir='ltr'>Quod</span> <span class='ocrx_word' id='word_1_348' title='bbox 1239 3967 1352 4022; x_wconf 89' lang='lat' dir='ltr'>autem</span> <span class='ocrx_word' id='word_1_349' title='bbox 1368 3961 1536 4036; x_wconf 84' lang='lat' dir='ltr'>reliquum</span> <span class='ocrx_word' id='word_1_350' title='bbox 1560 3971 1683 4033; x_wconf 88' lang='lat' dir='ltr'>corpus</span> <span class='ocrx_word' id='word_1_351' title='bbox 1699 3955 1774 4032; x_wconf 82' lang='lat' dir='ltr'>ejus</span> 
     </span>
     <span class='ocr_line' id='line_1_32' title="bbox 222 4059 1774 4143; baseline 0.003 -25"><span class='ocrx_word' id='word_1_352' title='bbox 222 4060 357 4135; x_wconf 88' lang='lat' dir='ltr'>corpori</span> <span class='ocrx_word' id='word_1_353' title='bbox 372 4060 498 4120; x_wconf 88' lang='lat' dir='ltr'>vermis</span> <span class='ocrx_word' id='word_1_354' title='bbox 515 4062 734 4139; x_wconf 85' lang='lat' dir='ltr'>assimilatur,</span> <span class='ocrx_word' id='word_1_355' title='bbox 753 4064 811 4140; x_wconf 86' lang='lat' dir='ltr'>qui</span> <span class='ocrx_word' id='word_1_356' title='bbox 831 4063 967 4125; x_wconf 89' lang='lat' dir='ltr'>ossibus</span> <span class='ocrx_word' id='word_1_357' title='bbox 983 4071 1088 4138; x_wconf 89' lang='lat' dir='ltr'>caret,</span> <span class='ocrx_word' id='word_1_358' title='bbox 1105 4072 1139 4126; x_wconf 90' lang='lat' dir='ltr'>et</span> <span class='ocrx_word' id='word_1_359' title='bbox 1155 4067 1213 4143; x_wconf 88' lang='lat' dir='ltr'>qui</span> <span class='ocrx_word' id='word_1_360' title='bbox 1231 4067 1263 4126; x_wconf 93' lang='lat' dir='ltr'>in</span> <span class='ocrx_word' id='word_1_361' title='bbox 1286 4065 1467 4126; x_wconf 87' lang='lat' dir='ltr'>cavernula</span> <span class='ocrx_word' id='word_1_362' title='bbox 1484 4080 1545 4124; x_wconf 88' lang='lat' dir='ltr'>sua</span> <span class='ocrx_word' id='word_1_363' title='bbox 1562 4063 1709 4122; x_wconf 84' lang='lat' dir='ltr'>intextus</span> <span class='ocrx_word' id='word_1_364' title='bbox 1722 4059 1774 4136; x_wconf 81' lang='lat' dir='ltr'>ja·</span> 
     </span>
     <span class='ocr_line' id='line_1_33' title="bbox 221 4163 1774 4247; baseline 0.001 -26"><span class='ocrx_word' id='word_1_365' title='bbox 221 4167 287 4237; x_wconf 86' lang='lat' dir='ltr'>cet,</span> <span class='ocrx_word' id='word_1_366' title='bbox 302 4163 395 4224; x_wconf 90' lang='lat' dir='ltr'>velut</span> <span class='ocrx_word' id='word_1_367' title='bbox 408 4163 517 4226; x_wconf 82' lang='lat' dir='ltr'>iniens</span> <span class='ocrx_word' id='word_1_368' title='bbox 530 4167 589 4242; x_wconf 93' lang='lat' dir='ltr'>qui</span> <span class='ocrx_word' id='word_1_369' title='bbox 600 4169 790 4242; x_wconf 87' lang='lat' dir='ltr'>panniculis</span> <span class='ocrx_word' id='word_1_370' title='bbox 803 4169 997 4246; x_wconf 90' lang='lat' dir='ltr'>involvitur,</span> <span class='ocrx_word' id='word_1_371' title='bbox 1013 4170 1075 4230; x_wconf 93' lang='lat' dir='ltr'>boc</span> <span class='ocrx_word' id='word_1_372' title='bbox 1087 4177 1151 4246; x_wconf 90' lang='lat' dir='ltr'>est,</span> <span class='ocrx_word' id='word_1_373' title='bbox 1166 4171 1254 4247; x_wconf 89' lang='lat' dir='ltr'>quod</span> <span class='ocrx_word' id='word_1_374' title='bbox 1267 4186 1327 4247; x_wconf 90' lang='lat' dir='ltr'>per</span> <span class='ocrx_word' id='word_1_375' title='bbox 1343 4170 1431 4230; x_wconf 89' lang='lat' dir='ltr'>idern</span> <span class='ocrx_word' id='word_1_376' title='bbox 1447 4169 1568 4230; x_wconf 87' lang='lat' dir='ltr'>vitium</span> <span class='ocrx_word' id='word_1_377' title='bbox 1580 4165 1724 4228; x_wconf 87' lang='lat' dir='ltr'>taediosi</span> <span class='ocrx_word' id='word_1_378' title='bbox 1740 4169 1774 4230; x_wconf 86' lang='lat' dir='ltr'>at</span> 
     </span>
     <span class='ocr_line' id='line_1_34' title="bbox 222 4267 1771 4351; baseline 0 -23"><span class='ocrx_word' id='word_1_379' title='bbox 222 4267 333 4345; x_wconf 86' lang='lat' dir='ltr'>ignavi</span> <span class='ocrx_word' id='word_1_380' title='bbox 358 4269 509 4332; x_wconf 88' lang='lat' dir='ltr'>homines</span> <span class='ocrx_word' id='word_1_381' title='bbox 526 4272 692 4349; x_wconf 88' lang='lat' dir='ltr'>fiduciam,</span> <span class='ocrx_word' id='word_1_382' title='bbox 719 4291 819 4351; x_wconf 86' lang='lat' dir='ltr'>quam</span> <span class='ocrx_word' id='word_1_383' title='bbox 841 4277 874 4336; x_wconf 92' lang='lat' dir='ltr'>in</span> <span class='ocrx_word' id='word_1_384' title='bbox 891 4277 1014 4337; x_wconf 85' lang='lat' dir='ltr'>auxilio</span> <span class='ocrx_word' id='word_1_385' title='bbox 1029 4277 1088 4337; x_wconf 88' lang='lat' dir='ltr'>Dei</span> <span class='ocrx_word' id='word_1_386' title='bbox 1104 4284 1138 4338; x_wconf 89' lang='lat' dir='ltr'>et</span> <span class='ocrx_word' id='word_1_387' title='bbox 1155 4279 1187 4340; x_wconf 93' lang='lat' dir='ltr'>in</span> <span class='ocrx_word' id='word_1_388' title='bbox 1205 4277 1435 4338; x_wconf 89' lang='lat' dir='ltr'>sublevatione</span> <span class='ocrx_word' id='word_1_389' title='bbox 1459 4275 1630 4336; x_wconf 89' lang='lat' dir='ltr'>bominum</span> <span class='ocrx_word' id='word_1_390' title='bbox 1648 4271 1771 4330; x_wconf 89' lang='lat' dir='ltr'>babere</span> 
     </span>
     <span class='ocr_line' id='line_1_35' title="bbox 221 4372 1771 4454; baseline -0.001 -22"><span class='ocrx_word' id='word_1_391' title='bbox 221 4373 393 4446; x_wconf 87' lang='lat' dir='ltr'>deberent,</span> <span class='ocrx_word' id='word_1_392' title='bbox 419 4373 461 4434; x_wconf 89' lang='lat' dir='ltr'>ad</span> <span class='ocrx_word' id='word_1_393' title='bbox 477 4375 595 4436; x_wconf 90' lang='lat' dir='ltr'>sordes</span> <span class='ocrx_word' id='word_1_394' title='bbox 613 4379 797 4454; x_wconf 89' lang='lat' dir='ltr'>voluptatis</span> <span class='ocrx_word' id='word_1_395' title='bbox 814 4395 906 4454; x_wconf 87' lang='lat' dir='ltr'>suae,</span> <span class='ocrx_word' id='word_1_396' title='bbox 925 4381 1017 4439; x_wconf 89' lang='lat' dir='ltr'>velut</span> <span class='ocrx_word' id='word_1_397' title='bbox 1034 4383 1159 4442; x_wconf 89' lang='lat' dir='ltr'>vermis</span> <span class='ocrx_word' id='word_1_398' title='bbox 1177 4380 1379 4454; x_wconf 87' lang='lat' dir='ltr'>immundus,</span> <span class='ocrx_word' id='word_1_399' title='bbox 1405 4382 1615 4450; x_wconf 89' lang='lat' dir='ltr'>convertunt,</span> <span class='ocrx_word' id='word_1_400' title='bbox 1634 4381 1667 4434; x_wconf 89' lang='lat' dir='ltr'>et</span> <span class='ocrx_word' id='word_1_401' title='bbox 1682 4372 1771 4450; x_wconf 81' lang='lat' dir='ltr'>quod</span> 
     </span>
     <span class='ocr_line' id='line_1_36' title="bbox 224 4479 1774 4562; baseline -0.001 -22"><span class='ocrx_word' id='word_1_402' title='bbox 224 4480 378 4540; x_wconf 87' lang='lat' dir='ltr'>mollitiei</span> <span class='ocrx_word' id='word_1_403' title='bbox 402 4482 514 4540; x_wconf 78' lang='lat' dir='ltr'>carnis</span> <span class='ocrx_word' id='word_1_404' title='bbox 538 4497 620 4542; x_wconf 87' lang='lat' dir='ltr'>suae</span> <span class='ocrx_word' id='word_1_405' title='bbox 644 4485 752 4558; x_wconf 83' lang='lat' dir='ltr'>magis</span> <span class='ocrx_word' id='word_1_406' title='bbox 777 4502 878 4562; x_wconf 82' lang='lat' dir='ltr'>quam</span> <span class='ocrx_word' id='word_1_407' title='bbox 897 4485 1031 4546; x_wconf 91' lang='lat' dir='ltr'>divinae</span> <span class='ocrx_word' id='word_1_408' title='bbox 1049 4486 1235 4548; x_wconf 80' lang='lat' dir='ltr'>fortitudini</span> <span class='ocrx_word' id='word_1_409' title='bbox 1255 4487 1434 4560; x_wconf 80' lang='lat' dir='ltr'>confidunt,</span> <span class='ocrx_word' id='word_1_410' title='bbox 1452 4485 1583 4545; x_wconf 88' lang='lat' dir='ltr'>occulta</span> <span class='ocrx_word' id='word_1_411' title='bbox 1600 4479 1774 4557; x_wconf 87' lang='lat' dir='ltr'>cogitatio-</span> 
     </span>
     <span class='ocr_line' id='line_1_37' title="bbox 222 4580 1774 4665; baseline -0.001 -21"><span class='ocrx_word' id='word_1_412' title='bbox 222 4599 302 4644; x_wconf 85' lang='lat' dir='ltr'>num</span> <span class='ocrx_word' id='word_1_413' title='bbox 326 4599 464 4643; x_wconf 89' lang='lat' dir='ltr'>suarum</span> <span class='ocrx_word' id='word_1_414' title='bbox 481 4583 655 4660; x_wconf 86' lang='lat' dir='ltr'>intrantes,</span> <span class='ocrx_word' id='word_1_415' title='bbox 681 4604 720 4648; x_wconf 90' lang='lat' dir='ltr'>ac</span> <span class='ocrx_word' id='word_1_416' title='bbox 737 4589 806 4648; x_wconf 87' lang='lat' dir='ltr'>illis</span> <span class='ocrx_word' id='word_1_417' title='bbox 823 4604 883 4664; x_wconf 89' lang='lat' dir='ltr'>per</span> <span class='ocrx_word' id='word_1_418' title='bbox 906 4591 1086 4650; x_wconf 87' lang='lat' dir='ltr'>stultitiam</span> <span class='ocrx_word' id='word_1_419' title='bbox 1103 4606 1139 4650; x_wconf 91' lang='lat' dir='ltr'>se</span> <span class='ocrx_word' id='word_1_420' title='bbox 1164 4591 1383 4665; x_wconf 66' lang='lat' dir='ltr'>involventes</span> <span class='ocrx_word' id='word_1_421' title='bbox 1402 4590 1449 4648; x_wconf 88' lang='lat' dir='ltr'>ita</span> <span class='ocrx_word' id='word_1_422' title='bbox 1473 4587 1562 4664; x_wconf 87' lang='lat' dir='ltr'>quod</span> <span class='ocrx_word' id='word_1_423' title='bbox 1582 4601 1620 4646; x_wconf 86' lang='lat' dir='ltr'>se</span> <span class='ocrx_word' id='word_1_424' title='bbox 1635 4583 1677 4644; x_wconf 86' lang='lat' dir='ltr'>ad</span> <span class='ocrx_word' id='word_1_425' title='bbox 1701 4580 1774 4642; x_wconf 88' lang='lat' dir='ltr'>nul-</span> 
     </span>
     <span class='ocr_line' id='line_1_38' title="bbox 221 4684 1772 4771; baseline -0.003 -23"><span class='ocrx_word' id='word_1_426' title='bbox 221 4687 290 4748; x_wconf 85' lang='lat' dir='ltr'>lam</span> <span class='ocrx_word' id='word_1_427' title='bbox 304 4687 507 4763; x_wconf 89' lang='lat' dir='ltr'>probitatem</span> <span class='ocrx_word' id='word_1_428' title='bbox 524 4689 687 4752; x_wconf 90' lang='lat' dir='ltr'>virtutum</span> <span class='ocrx_word' id='word_1_429' title='bbox 704 4693 833 4768; x_wconf 89' lang='lat' dir='ltr'>erigere</span> <span class='ocrx_word' id='word_1_430' title='bbox 849 4700 1003 4769; x_wconf 89' lang='lat' dir='ltr'>possunt,</span> <span class='ocrx_word' id='word_1_431' title='bbox 1022 4695 1079 4754; x_wconf 89' lang='lat' dir='ltr'>sed</span> <span class='ocrx_word' id='word_1_432' title='bbox 1097 4695 1185 4771; x_wconf 86' lang='lat' dir='ltr'>quod</span> <span class='ocrx_word' id='word_1_433' title='bbox 1203 4697 1236 4754; x_wconf 91' lang='lat' dir='ltr'>in</span> <span class='ocrx_word' id='word_1_434' title='bbox 1253 4699 1388 4770; x_wconf 89' lang='lat' dir='ltr'>torpore</span> <span class='ocrx_word' id='word_1_435' title='bbox 1405 4690 1626 4768; x_wconf 78' lang='lat' dir='ltr'>negligentiae</span> <span class='ocrx_word' id='word_1_436' title='bbox 1640 4693 1676 4747; x_wconf 90' lang='lat' dir='ltr'>et</span> <span class='ocrx_word' id='word_1_437' title='bbox 1691 4684 1772 4749; x_wconf 84' lang='lat' dir='ltr'>insi-</span> 
     </span>
     <span class='ocr_line' id='line_1_39' title="bbox 221 4791 1770 4873; baseline 0.001 -21"><span class='ocrx_word' id='word_1_438' title='bbox 221 4791 367 4868; x_wconf 88' lang='lat' dir='ltr'>pientiae</span> <span class='ocrx_word' id='word_1_439' title='bbox 383 4792 570 4852; x_wconf 87' lang='lat' dir='ltr'>vanitatum</span> <span class='ocrx_word' id='word_1_440' title='bbox 587 4795 754 4869; x_wconf 87' lang='lat' dir='ltr'>ignaviter</span> <span class='ocrx_word' id='word_1_441' title='bbox 776 4804 983 4873; x_wconf 88' lang='lat' dir='ltr'>permanent,</span> <span class='ocrx_word' id='word_1_442' title='bbox 1001 4800 1093 4860; x_wconf 88' lang='lat' dir='ltr'>velut</span> <span class='ocrx_word' id='word_1_443' title='bbox 1109 4800 1211 4860; x_wconf 89' lang='lat' dir='ltr'>etiam</span> <span class='ocrx_word' id='word_1_444' title='bbox 1228 4800 1316 4860; x_wconf 91' lang='lat' dir='ltr'>idem</span> <span class='ocrx_word' id='word_1_445' title='bbox 1332 4799 1450 4858; x_wconf 91' lang='lat' dir='ltr'>vitium</span> <span class='ocrx_word' id='word_1_446' title='bbox 1476 4798 1509 4856; x_wconf 93' lang='lat' dir='ltr'>in</span> <span class='ocrx_word' id='word_1_447' title='bbox 1526 4794 1692 4856; x_wconf 89' lang='lat' dir='ltr'>locutione</span> <span class='ocrx_word' id='word_1_448' title='bbox 1708 4807 1770 4853; x_wconf 83' lang='lat' dir='ltr'>sua</span> 
     </span>
     <span class='ocr_line' id='line_1_40' title="bbox 223 4892 1773 4978; baseline 0.001 -26"><span class='ocrx_word' id='word_1_449' title='bbox 223 4893 381 4969; x_wconf 78' lang='lat' dir='ltr'>superius</span> <span class='ocrx_word' id='word_1_450' title='bbox 397 4892 615 4957; x_wconf 81' lang='lat' dir='ltr'>demonstrat.</span> <span class='ocrx_word' id='word_1_451' title='bbox 634 4897 696 4960; x_wconf 90' lang='lat' dir='ltr'>Sed</span> <span class='ocrx_word' id='word_1_452' title='bbox 714 4915 875 4976; x_wconf 90' lang='lat' dir='ltr'>responso</span> <span class='ocrx_word' id='word_1_453' title='bbox 891 4901 1024 4962; x_wconf 90' lang='lat' dir='ltr'>divinae</span> <span class='ocrx_word' id='word_1_454' title='bbox 1042 4904 1203 4964; x_wconf 87' lang='lat' dir='ltr'>victoriae</span> <span class='ocrx_word' id='word_1_455' title='bbox 1220 4903 1412 4978; x_wconf 90' lang='lat' dir='ltr'>corripitur,</span> <span class='ocrx_word' id='word_1_456' title='bbox 1427 4908 1461 4961; x_wconf 90' lang='lat' dir='ltr'>et</span> <span class='ocrx_word' id='word_1_457' title='bbox 1478 4906 1513 4962; x_wconf 94' lang='lat' dir='ltr'>ut</span> <span class='ocrx_word' id='word_1_458' title='bbox 1530 4899 1681 4958; x_wconf 88' lang='lat' dir='ltr'>homines</span> <span class='ocrx_word' id='word_1_459' title='bbox 1697 4893 1773 4954; x_wconf 84' lang='lat' dir='ltr'>Dia-</span> 
     </span>
     <span class='ocr_line' id='line_1_41' title="bbox 222 4993 1159 5080; baseline 0.014 -25"><span class='ocrx_word' id='word_1_460' title='bbox 222 4993 299 5056; x_wconf 91' lang='lat' dir='ltr'>bolo</span> <span class='ocrx_word' id='word_1_461' title='bbox 316 5003 513 5074; x_wconf 84' lang='lat' dir='ltr'>repugnent,</span> <span class='ocrx_word' id='word_1_462' title='bbox 531 5015 591 5074; x_wconf 92' lang='lat' dir='ltr'>per</span> <span class='ocrx_word' id='word_1_463' title='bbox 608 5001 696 5062; x_wconf 90' lang='lat' dir='ltr'>idem</span> <span class='ocrx_word' id='word_1_464' title='bbox 713 5019 914 5080; x_wconf 89' lang='lat' dir='ltr'>responsum</span> <span class='ocrx_word' id='word_1_465' title='bbox 930 5005 1159 5068; x_wconf 91' lang='lat' dir='ltr'>admonentur.</span> 
     </span>
    </p>
   </div>
   <div class='ocr_carea' id='block_1_7' title="bbox 259 5164 1002 5250">
    <p class='ocr_par' dir='ltr' id='par_1_7' title="bbox 259 5164 1002 5250">
     <span class='ocr_line' id='line_1_42' title="bbox 259 5164 1002 5250; baseline -0.001 -16"><span class='ocrx_word' id='word_1_466' title='bbox 259 5164 281 5234; x_wconf 87' lang='lat'>¹)</span> <span class='ocrx_word' id='word_1_467' title='bbox 295 5171 363 5240; x_wconf 68' lang='lat' dir='ltr'>lviv</span> <span class='ocrx_word' id='word_1_468' title='bbox 377 5173 437 5243; x_wconf 76' lang='lat' dir='ltr'>ipsa</span> <span class='ocrx_word' id='word_1_469' title='bbox 451 5171 496 5227; x_wconf 86' lang='lat' dir='ltr'>W.</span> <span class='ocrx_word' id='word_1_470' title='bbox 512 5191 594 5246; x_wconf 79' lang='lat' dir='ltr'>svper</span> <span class='ocrx_word' id='word_1_471' title='bbox 606 5191 694 5232; x_wconf 77' lang='lat' dir='ltr'>omues</span> <span class='ocrx_word' id='word_1_472' title='bbox 706 5175 740 5233; x_wconf 84' lang='grc' dir='ltr'>Α.</span> <span class='ocrx_word' id='word_1_473' title='bbox 756 5207 790 5216; x_wconf 95' lang='grc'>-</span> <span class='ocrx_word' id='word_1_474' title='bbox 802 5177 825 5244; x_wconf 78' lang='lat'>²)</span> <span class='ocrx_word' id='word_1_475' title='bbox 839 5179 895 5250; x_wconf 80' lang='lat' dir='ltr'>ipsc</span> <span class='ocrx_word' id='word_1_476' title='bbox 907 5177 942 5242; x_wconf 83' lang='grc' dir='ltr'>Α,</span> <span class='ocrx_word' id='word_1_477' title='bbox 957 5177 1002 5234; x_wconf 89' lang='lat' dir='ltr'>W.</span> 
     </span>
    </p>
   </div>
   <div class='ocr_carea' id='block_1_8' title="bbox 0 0 2004 6100">
    <p class='ocr_par' dir='ltr' id='par_1_8' title="bbox 0 0 2004 6100">
     <span class='ocr_line' id='line_1_43' title="bbox 0 0 2004 6100; baseline 0 2"><span class='ocrx_word' id='word_1_478' title='bbox 0 0 2004 6100; x_wconf 95' lang='lat' dir='ltr'> </span> 
     </span>
    </p>
   </div>
  </div>
 </body>
</html>
