3998 6100
276 561 327 610 ΧΠ
884 565 1136 615 PROOEMIUM

226 700 324 786 adiit,
343 699 458 771 hieme
476 701 665 790 saeviente,
685 701 759 773 sive
777 702 822 774 ad
839 704 1012 775 orandum
1037 704 1073 775 in
1101 711 1259 775 extremo
1285 727 1408 799 agone,
1434 707 1508 778 sive
1521 706 1566 780 ad
1594 705 1777 780 victoriam

227 825 485 915 celebrandam,
500 827 575 898 sive
591 827 729 899 demum
748 835 788 900 ut
805 852 886 902 suos
902 854 1041 924 quoque
1067 829 1209 903 ultimos
1235 829 1372 903 labores
1398 831 1595 904 Galliarum
1615 833 1778 904 thauma-

229 963 332 1048 turgo
350 953 494 1024 dicaret.
512 953 554 1024 ln
572 979 643 1050 quo
661 955 787 1027 itinere
801 955 897 1028 venit
912 955 1076 1048 Parisios,
1092 957 1186 1028 circa
1200 955 1352 1028 medium
1367 956 1611 1050 Nouembrem,
1628 981 1669 1030 ac
1681 981 1778 1029 men-

228 1097 265 1146 se
284 1074 387 1148 rediit
404 1076 587 1169 lanuarie,
608 1087 647 1150 ut
665 1089 735 1150 tres
753 1078 860 1151 libros
877 1079 1036 1174 majores,
1057 1079 1211 1151 virorum
1230 1081 1409 1153 doctorum
1425 1083 1579 1154 examini
1593 1083 1777 1178 subjectos,

227 1202 373 1276 solemni
386 1203 520 1299 judicio
537 1204 750 1277 honestaret.
777 1205 889 1278 Silent
915 1204 1041 1278 dehoc
1059 1206 1183 1278 itinere
1201 1207 1340 1280 litterae
1361 1209 1575 1304 superstites,
1593 1210 1672 1282 silet
1692 1233 1777 1305 quo-

226 1353 303 1426 que,
325 1330 360 1403 id
378 1353 442 1426 ago
461 1331 578 1425 miror,
597 1331 802 1426 Guibertus,
822 1340 893 1404 tam
912 1332 1123 1428 Hildcgardi
1141 1357 1246 1428 quam
1266 1333 1420 1408 Martino
1438 1336 1584 1408 devotus
1601 1359 1685 1432 prae
1701 1359 1779 1407 eae·

227 1460 322 1555 teris,
350 1460 456 1532 silent
473 1461 580 1532 etiam
597 1461 693 1534 vitae
710 1485 732 1533 a
749 1461 998 1556 coaequalibus
1014 1463 1175 1558 scriptae:
1202 1463 1262 1535 sed
1285 1467 1377 1537 Acta
1403 1466 1608 1539 authentica
1633 1467 1779 1562 inquisi-

226 1587 332 1659 tionis
357 1587 401 1659 de
418 1588 609 1661 virtutibus
626 1595 661 1661 et
688 1590 867 1662 miraculis
892 1591 976 1686 ejus,
996 1590 1086 1662 inita
1103 1592 1168 1662 sub
1194 1590 1366 1688 Gregorio
1391 1593 1460 1686 IX,
1488 1617 1520 1665 a.
1551 1595 1653 1686 1233,
1676 1617 1779 1666 omns

225 1715 371 1788 dubium
388 1715 519 1788 tollunt
538 1723 609 1788 tam
628 1716 670 1787 de
685 1716 849 1789 insolenti
864 1716 1158 1813 peregrinatione,
1174 1741 1280 1812 quam
1296 1718 1339 1790 de
1351 1719 1497 1792 solemni
1512 1720 1679 1793 librorum
1695 1744 1777 1792 exa·

224 1843 318 1914 mine
336 1841 407 1934 (Of.
428 1841 586 1914 Bolland.
606 1865 639 1914 a.
659 1847 760 1935 192).

960 2100 1047 2172 VII.

277 2355 312 2426 A
329 2356 434 2451 longo
455 2355 581 2428 itinere
604 2356 717 2428 redux
744 2355 983 2452 Hildegardis,
1012 2355 1271 2451 inexpectatum
1301 2361 1540 2451 tempestatem
1567 2358 1778 2431 monasterio

226 2505 289 2554 suo
319 2482 541 2576 ingruentem
572 2481 832 2553 averruncarit.
860 2480 1032 2577 Tempore
1061 2479 1259 2552 schismatis
1284 2479 1485 2574 Teutonici,
1513 2481 1581 2555 duo
1608 2490 1709 2556 erant
1734 2484 1777 2556 de

227 2609 531 2706 archiepiscopatu
550 2608 759 2705 Mogontino
785 2608 1048 2700 contendentes,
1077 2608 1167 2681 alter
1193 2609 1358 2683 nimirum
1385 2610 1560 2706 legitimus
1585 2619 1620 2683 et
1645 2610 1776 2684 adhae-

230 2763 309 2812 rens
327 2738 535 2812 Alcxandro
555 2737 626 2829 III,
655 2737 848 2830 Conrndus,
875 2759 945 2832 quo
971 2759 1050 2808 cum
1076 2735 1304 2831 Hildegardis
1330 2746 1471 2809 mutuas
1496 2745 1531 2810 et
1555 2759 1681 2810 suaves
1706 2737 1780 2833 epi·

227 2866 336 2939 stolas
353 2865 478 2938 habuit
495 2866 546 2957 (p.
565 2869 649 2958 557,
669 2864 712 2952 cf.
732 2863 894 2936 Bolland.
913 2887 946 2935 n.
968 2865 1076 2958 163.);
1096 2864 1185 2936 alter
1202 2888 1284 2937 vero
1302 2866 1442 2938 nomine
1459 2867 1575 2961 potius
1591 2889 1698 2961 quam
1713 2864 1781 2937 fide

230 2998 470 3086 Christianus,
502 3020 524 3068 a
552 2995 739 3068 Frederico
769 2994 941 3086 intrusus,
973 2994 1033 3089 qui
1060 3002 1189 3084 tamen,
1217 3019 1304 3091 paee
1330 2995 1417 3068 inita
1444 3021 1476 3068 a.
1507 2999 1610 3086 1177,
1638 2996 1782 3070 cedente

228 3124 402 3217 Conrado,
422 3122 556 3194 infulas
573 3122 802 3218 Mogontinas
828 3117 983 3195 retinuit.
1012 3121 1116 3194 Unde
1139 3145 1287 3218 pronum
1306 3131 1391 3214 erat,
1420 3147 1528 3218 quum
1546 3124 1672 3196 intrusi
1690 3147 1783 3195 asse·

226 3259 302 3330 clae
328 3278 483 3328 summas
508 3277 623 3327 rerum
650 3254 832 3344 haberent,
864 3263 903 3326 ut
929 3255 1076 3326 caeteris
1098 3253 1269 3325 hactenus
1299 3253 1455 3326 adversis
1480 3254 1596 3328 minus
1623 3255 1781 3350 indulge-

231 3391 319 3475 rent,
338 3381 430 3453 inter
446 3403 534 3475 quos
550 3378 646 3453 haud
666 3380 790 3452 ultima
808 3388 884 3453 erat
902 3379 1102 3452 veneranda
1119 3379 1306 3474 Birgensis
1322 3381 1511 3453 abbatissa.

279 3508 421 3582 Accidit
450 3532 565 3605 porro,
597 3509 691 3581 eirea
717 3532 748 3580 a.
783 3511 887 3596 1178,
915 3519 954 3580 ut
976 3508 1118 3604 juvenis
1148 3508 1286 3604 aliquis
1314 3519 1419 3584 antea
1449 3513 1603 3586 censuris
1628 3514 1779 3604 strictus,

229 3637 290 3708 sed
323 3635 454 3709 dudum
486 3634 680 3729 absolutus,
719 3636 1017 3730 sacramentisque
1047 3645 1130 3708 ante
1158 3635 1291 3708 obitum
1320 3637 1486 3732 munitus,
1510 3639 1717 3736 sepeliretur
1745 3639 1782 3710 in

228 3773 263 3839 ὃ.
284 3766 434 3863 Ruperti
455 3763 674 3838 coemeterio.
692 3763 819 3836 Statim
837 3763 998 3860 praelati,
1018 3765 1077 3860 qui
1096 3788 1160 3859 pro
1177 3764 1339 3861 episcopo
1366 3741 1579 3856 Christiano,
1604 3766 1720 3839 adbuc
1745 3767 1782 3838 in

228 3895 336 3968 ltalia
362 3896 521 3991 degente,
549 3892 755 3987 Meguutiae
783 3900 987 3988 praeerant,
1010 3892 1214 3964 mandatum
1242 3892 1398 3985 mittere,
1422 3892 1547 3987 jubere
1572 3891 1784 3986 Hildegardi

227 4047 353 4122 corpus
370 4047 415 4096 ex
432 4023 538 4094 humo
556 4020 669 4108 tollat,
688 4027 751 4092 aut
767 4044 789 4092 a
806 4019 936 4093 divinis
952 4021 990 4093 in
1008 4020 1154 4092 ecclesia
1175 4020 1320 4092 litandis
1340 4020 1515 4092 abstineat
1541 4043 1588 4091 se.
1615 4019 1683 4092 Per
1709 4040 1782 4090 am·

228 4153 401 4250 plissimas
414 4152 551 4227 litteras
567 4149 775 4244 respondere
793 4147 1031 4243 Hildegardis,
1049 4173 1086 4220 se
1100 4157 1232 4220 terrore
1245 4154 1452 4243 correptam,
1468 4146 1513 4218 ad
1529 4171 1648 4218 rorum
1663 4145 1781 4218 lumen

222 4287 356 4380 jussam
373 4282 480 4354 luisse
498 4279 666 4376 aspicere,
686 4279 882 4374 vidisseque
897 4301 1023 4374 corpus
1039 4276 1155 4350 efferri
1172 4300 1243 4349 non
1264 4299 1372 4371 posse,
1391 4276 1450 4348 sed
1469 4276 1645 4349 audivisse
1666 4276 1702 4347 in
1729 4275 1782 4346 lu·

230 4411 323 4481 mine
340 4431 472 4496 vocem,
490 4431 535 4480 ne
551 4407 791 4480 funestaretur
807 4406 1003 4496 defunctus,
1034 4434 1049 4469 r
1076 4405 1111 4476 in
1131 4404 1224 4475 omni
1243 4403 1437 4476 christiana
1463 4405 1683 4494 rectitudine,
1701 4427 1779 4476 cum

229 4547 303 4610 tota
320 4535 488 4630 Pingensi
508 4536 735 4633 processione,
764 4532 985 4605 asacerdote
1010 4555 1073 4603 suo
1100 4531 1289 4622 absolutus,
1314 4563 1328 4597 n
1358 4555 1401 4604 ne
1426 4533 1655 4604 sacramentis
1680 4531 1782 4605 Chri·

227 4666 272 4738 sti
291 4663 420 4761 injuria
438 4662 546 4756 fieret,
565 4686 587 4734 a
605 4661 772 4758 praelatis
789 4677 907 4732 autem
922 4658 1070 4755 petitum
1089 4657 1132 4728 iri
1150 4658 1302 4752 veniam;
1322 4657 1471 4752 interim,
1495 4683 1539 4730 ne
1556 4669 1780 4733 contumaces

228 4795 401 4884 audirent,
423 4793 592 4865 moniales
610 4791 750 4888 publica
769 4789 967 4896 divinarum
996 4787 1138 4859 laudum
1158 4787 1297 4859 cantica
1315 4787 1455 4860 silentio
1481 4787 1656 4884 pressisse,
1676 4787 1781 4860 etiam

227 4925 322 5019 ipsas
340 4945 360 4993 a
386 4919 607 5016 suscipiendo
625 4943 769 5015 corpore
786 4917 960 4990 dominico
979 4941 1041 5014 per
1057 4917 1215 5012 singulos
1232 4941 1369 4990 menses
1386 4919 1607 4990 abstinuisse.

284 5046 471 5118 Praeterea
502 5045 701 5116 ueneranda
728 5043 848 5116 vetula
874 5041 1094 5138 Mogontiam
1122 5043 1292 5132 cucurrit,
1320 5043 1477 5115 libellum
1503 5042 1695 5140 supplicem
1723 5044 1783 5114 ob-

231 5177 322 5264 tulit,
348 5175 488 5262 mortui,
517 5199 687 5270 suumque
715 5174 909 5246 vindicavit
932 5173 1000 5272 jus
1029 5173 1087 5246 sed
1116 5172 1257 5245 frustra.
1286 5173 1360 5245 Vix
1385 5172 1591 5268 interposito
1618 5171 1784 5267 Philippo
