3998 6100
730 579 847 628 arnan
874 579 979 626 vrrs
1006 579 1236 626 usarronuu
1679 564 1722 624 45

200 702 289 776 rant,
315 715 435 777 magno
461 698 573 761 studio
598 699 803 775 petulantiae
821 699 1071 773 insudaveram,
1091 699 1124 758 in
1141 698 1325 759 rubicundo
1343 698 1418 774 igne
1435 698 1608 774 ardebant;
1626 704 1660 759 et
1676 700 1755 775 quia

200 819 262 879 per
280 803 367 864 idem
384 805 504 866 vitium
524 804 689 880 volanteS,
708 820 820 864 mores
836 803 1048 863 diversarum
1065 803 1238 878 regionum
1256 803 1406 862 imitatae
1422 808 1529 878 erant,
1548 802 1581 862 in
1597 817 1637 862 eo
1654 801 1756 862 suffo-

201 909 369 970 cationem
393 925 515 986 passae
540 916 629 986 sunt3
655 917 688 970 et
713 908 870 986 quoniam
895 909 1001 968 latera
1026 914 1059 968 et
1080 907 1181 983 pedes
1201 923 1378 983 corporum
1396 923 1533 968 suorum
1550 906 1613 966 hac
1629 911 1662 966 et
1679 905 1756 966 illac

199 1014 374 1074 multoties
391 1015 582 1091 petulanter
599 1015 814 1088 intorserant,
828 1031 847 1074 a
860 1012 1023 1090 praetatis
1040 1013 1236 1072 vermiculis
1249 1013 1373 1073 acriter
1386 1013 1419 1072 in
1430 1013 1482 1071 eis
1498 1009 1753 1072 infestabantur.

888 1219 1067 1280 LXXXIIII.

525 1435 666 1496 Peccata
678 1433 907 1512 petulantium
919 1449 983 1510 per
1004 1433 1246 1510 poenitentiam
1262 1433 1428 1493 deleatur.

243 1639 298 1703 98.
323 1642 363 1702 m
383 1641 452 1702 vidi
468 1647 503 1702 et
519 1641 668 1701 intellexi
684 1640 777 1701 haee.
795 1640 983 1717 Audivique
999 1639 1041 1700 de
1056 1639 1208 1716 praelata
1224 1634 1248 1719 ¹)
1265 1640 1344 1699 viva
1360 1639 1435 1698 luce
1451 1651 1568 1700 vocem
1585 1637 1751 1698 dicentem

200 1748 243 1808 ad
260 1763 321 1808 me:
337 1747 429 1808 Haec
443 1763 524 1806 vera
537 1751 625 1806 sunt.
638 1745 700 1817 Qui
712 1745 802 1806 enim
815 1746 849 1804 in
862 1745 997 1804 saeculo
1014 1759 1074 1822 per
1086 1745 1306 1821 petulantiam
1319 1748 1551 1820 peccaverant,
1564 1739 1590 1821 ²)
1606 1741 1660 1800 his
1675 1757 1752 1818 poe·

198 1853 251 1912 nis
275 1851 458 1928 purgandis
482 1851 758 1912 examinabantur
779 1846 815 1930 ³).
842 1849 904 1910 Sed
930 1850 1082 1910 homines
1107 1852 1165 1926 qui
1189 1850 1253 1911 boe
1276 1851 1360 1910 vitio
1381 1848 1486 1918 dediti
1503 1853 1592 1923 sunt,
1611 1849 1640 1907 si
1657 1847 1753 1908 mali-

198 1973 283 2033 gnos
307 1957 449 2033 spiritus
472 1971 532 2016 eos
551 1956 593 2016 ad
611 1955 693 2016 illud
709 1955 926 2016 exhortantes
943 1954 1097 2015 devitare·
1110 1954 1310 2029 studuerint,
1329 1959 1363 2014 et
1380 1953 1410 2014 si
1427 1953 1599 2016 cruciatus
1615 1951 1690 2010 eius
1705 1949 1753 2010 el-

199 2059 314 2135 ingere
330 2059 608 2135 desideraverint,
622 2059 860 2120 abstinentiam
876 2058 1028 2119 ciborum
1045 2067 1079 2118 et
1095 2065 1235 2135 potuum
1251 2059 1425 2135 arripiant,
1444 2063 1479 2116 et
1495 2056 1751 2131 castigationem

199 2163 410 2238 flagellorum
431 2164 464 2224 in
481 2179 520 2223 se
534 2164 686 2240 diligant,
703 2170 738 2223 et
755 2164 817 2224 boc
830 2165 926 2241 juxta
942 2166 1141 2240 qualitatem
1156 2163 1351 2225 eorumdem
1367 2167 1594 2240 peecatorum,
1611 2166 1645 2221 et
1658 2159 1753 2237 juxta

196 2265 386 2343 jussionem
402 2268 627 2344 praesidentis
643 2268 710 2330 sibi
723 2268 849 2345 judicis
865 2268 1000 2330 iaciant.
1379 2278 1386 2291 “

898 2475 1044 2538 LXXXV.

654 2686 851 2747 Petulantia
873 2688 1002 2748 canitae
1025 2689 1212 2748 inuitatum
1236 2694 1294 2748 est.

242 2889 297 2951 aa.
321 2891 404 2952 Nam
429 2893 615 2968 petulantia
639 2893 861 2954 stabilitatem
884 2909 951 2954 non
974 2895 1086 2970 babet,
1106 2895 1164 2955 sed
1181 2893 1414 2972 quodcumque
1430 2893 1514 2967 vult,
1534 2892 1567 2952 in
1582 2890 1646 2952 hoc
1663 2905 1753 2952 men·

199 2998 269 3056 tem
293 3012 389 3056 suam
413 2996 496 3072 tigit,
521 3013 582 3056 nec
605 2996 710 3058 Deum
726 2999 761 3057 in
777 2997 903 3059 honore
920 3000 1119 3074 gaudiorum
1136 3005 1237 3074 tenet;
1257 2999 1317 3058 sed
1332 2998 1494 3075 quidquid
1512 2998 1577 3058 sihi
1593 2996 1699 3074 eligit,
1719 2996 1752 3055 in

195 3100 261 3163 boe
285 3103 482 3164 delectatur.
509 3103 600 3164 Unde
617 3105 690 3181 ipsa
706 3106 840 3165 vanitas
857 3107 1045 3165 vanitatum
1061 3105 1195 3182 dicitur,
1214 3121 1275 3166 nee
1293 3105 1384 3165 aliud
1400 3104 1440 3164 de
1457 3105 1616 3165 universo
1634 3103 1750 3163 labore

199 3221 264 3264 suo
274 3203 425 3281 babebit,
442 3208 600 3283 quonum
616 3223 692 3268 cum
709 3209 842 3269 vanitas
858 3209 925 3268 alia
941 3210 972 3268 ei
989 3209 1162 3285 praeterit,
1181 3210 1247 3270 alia
1264 3210 1295 3268 ei
1313 3207 1473 3282 succedit;
1493 3208 1550 3267 illa
1567 3223 1647 3267 vero
1664 3221 1750 3285 quae

200 3311 318 3368 monta
334 3314 425 3384 amat,
440 3309 475 3369 in
489 3315 663 3370 aeternum
679 3312 826 3372 stabunt.
846 3312 928 3372 Cum
945 3313 1034 3374 enim
1047 3311 1145 3373 borno
1162 3313 1297 3372 carnale
1310 3311 1515 3372 desiderium
1531 3310 1673 3388 pertinit,
1688 3309 1753 3370 hoc

198 3410 289 3486 quod
313 3410 346 3470 in
370 3410 434 3471 hoc
456 3411 600 3473 libenter
623 3420 792 3491 operatur,
818 3416 952 3478 vanitas
975 3416 1110 3492 dicitur;
1136 3415 1295 3492 quoniam
1319 3415 1353 3480 in
1372 3415 1482 3492 prima
1501 3414 1624 3490 puerili
1641 3417 1751 3474 aetate

197 3531 259 3574 sua
283 3515 381 3576 ludos
406 3522 506 3592 amat,
532 3522 566 3577 et
590 3523 708 3594 postea
732 3519 765 3578 in
787 3518 963 3595 iuventute
984 3537 1045 3580 sua
1063 3520 1239 3581 lasciviam
1256 3519 1481 3596 amplectitur,
1499 3517 1618 3578 deinde
1635 3521 1749 3578 autern

198 3619 383 3696 perfectius
407 3621 472 3682 soit
487 3627 520 3682 et
536 3623 709 3699 cognoscit
726 3639 812 3700 quae
828 3624 915 3684 bona
932 3629 1068 3701 atquae
1084 3626 1173 3684 mala
1190 3624 1267 3699 sint;
1285 3629 1319 3684 et
1336 3629 1414 3684 tune
1430 3638 1570 3700 operum
1586 3620 1751 3697 pueritiae

203 3738 244 3782 ac
256 3723 444 3799 juventutis
459 3742 537 3787 eum
551 3726 710 3804 taedebit,
728 3728 826 3804 quasi
843 3743 1013 3804 nunquam
1030 3729 1130 3788 ineis
1146 3729 1297 3790 vixisset.
1317 3729 1466 3805 Cumque
1483 3725 1524 3786 ad
1538 3730 1748 3785 senectutem

199 3829 402 3903 pervenerit,
428 3830 462 3888 in
487 3831 544 3890 illa
564 3836 695 3890 arescet
711 3837 745 3890 et
761 3837 840 3890 tuuc
857 3831 1057 3907 suspirando
1074 3836 1108 3890 et
1124 3831 1322 3908 plangendo,
1339 3830 1489 3906 priorum
1505 3833 1655 3889 aetatum
1671 3845 1747 3889 sua·

201 3949 279 3994 rum
303 3933 547 4010 recordabitur,
573 3950 658 4012 quas
683 3940 795 3994 tamen
819 3934 944 3996 habere
966 3950 1034 3994 non
1055 3936 1190 4011 poterit.
1216 3933 1334 3994 Omnia
1348 3933 1437 3994 enim
1454 3931 1537 3992 haec
1553 3947 1629 3991 cum
1646 3931 1753 3993 homi-

196 4055 238 4101 ne
261 4046 296 4101 et
320 4041 354 4101 in
379 4040 512 4102 bomine
535 4042 668 4102 vanitas
696 4048 783 4102 sunt.
806 4043 888 4102 Nam
906 4043 1012 4103 silvae
1028 4042 1139 4103 virent
1155 4048 1189 4101 et
1205 4047 1374 4116 arescunt,
1394 4040 1495 4100 flores
1512 4039 1631 4100 llorent
1646 4043 1680 4098 et
1697 4055 1751 4100 ca-

201 4143 296 4220 dunt,
322 4159 461 4220 gramen
484 4148 609 4206 crescit
632 4152 666 4206 et
687 4146 884 4208 absciditur,
906 4147 990 4219 Quid
1008 4147 1112 4222 igitur
1128 4146 1272 4223 amplius
1288 4145 1359 4206 est‘l
1374 4145 1468 4218 Quod
1484 4143 1587 4206 horne
1599 4159 1688 4204 nuno
1701 4143 1753 4203 vi·

200 4246 268 4323 det,
287 4248 404 4308 statim
419 4265 485 4309 non
500 4249 638 4326 videbit;
657 4250 746 4328 quod
763 4267 850 4314 nunc
866 4251 979 4328 babet,
993 4251 1109 4312 statim
1126 4267 1192 4311 non
1207 4250 1355 4326 habenta
1370 4265 1447 4310 curn
1463 4263 1551 4310 nunc
1567 4247 1665 4313 ridet.
1683 4253 1750 4308 sta-

204 4349 268 4410 tim
289 4350 393 4426 uenia
419 4357 453 4412 et
476 4353 519 4414 ob
544 4353 607 4414 boe
630 4355 742 4424 omnia
761 4371 848 4416 vana
869 4361 958 4427 sunt,
977 4356 1136 4432 quoniam
1157 4355 1283 4416 caduce
1300 4360 1389 4430 sunt,
1408 4353 1580 4417 moriendo
1596 4352 1753 4411 videlicet

202 4459 238 4514 et
260 4453 452 4516 deliciando.
479 4457 666 4519 Meriumur
689 4459 778 4518 enim
803 4465 840 4520 ut
865 4459 898 4518 in
920 4458 983 4520 hoc
1001 4461 1137 4520 saeculo
1153 4475 1219 4520 non
1235 4459 1362 4522 vivant.
1380 4457 1546 4520 Deficiunt
1561 4473 1695 4535 quoque
1711 4455 1752 4516 de

202 4557 380 4620 nobilitate
398 4559 432 4619 in
449 4561 705 4638 ignobilitatem,
724 4569 759 4623 et
773 4563 815 4623 de
831 4563 963 4624 divitiis
979 4564 1012 4624 in
1028 4569 1271 4641 paupertatem.

241 4789 261 4856 Ι)
271 4793 413 4862 praedicta
426 4791 458 4847 Α.
476 4823 508 4832 -
521 4795 544 4860 ²)
554 4797 722 4866 peoeauerint
734 4794 767 4850 Α,
784 4827 817 4836 --
831 4795 852 4862 ³)
866 4799 1097 4854 examinabuntur
1109 4797 1142 4853 Α.
