3998 6100
272 569 317 632 34
839 587 869 634 s.
901 586 1179 636 nrtnncnnnrs

236 709 311 784 lpse
336 722 469 785 quoque
492 705 580 766 Deus
605 719 720 767 omnes
737 714 913 768 creaturas
938 710 1158 770 rationalitati
1174 704 1197 788 1)
1223 707 1368 768 hominis
1392 687 1439 767 ad'
1457 707 1643 784 perlectum
1668 722 1790 789 suppo·

238 814 318 889 suit,
336 829 422 889 quaa
437 827 499 888 per
515 811 616 872 aliam
631 812 737 872 vitam
753 827 820 871 non
836 813 1055 888 suscitantur,
1070 813 1135 873 nisi
1151 829 1211 889 per
1228 813 1321 872 illam
1333 828 1419 888 quae
1436 815 1501 874 sibi
1514 832 1534 874 a
1549 813 1617 876 Deo
1629 816 1708 876 data
1724 824 1788 878 est.

238 916 301 978 Sed
319 915 527 978 infidelitatis
552 915 754 990 imaginibus
771 914 922 976 infideles
945 917 1050 976 vitam
1067 915 1285 993 despondent,
1303 931 1404 992 quam
1427 917 1478 976 eis
1494 916 1583 978 Deus
1599 935 1665 980 non
1687 917 1789 980 dedit.

238 1021 323 1081 Nam
339 1022 374 1082 in
390 1019 581 1081 simulacris
598 1035 683 1096 opus
700 1019 846 1080 hominis
863 1021 966 1080 vitale
982 1036 1047 1081 nnn
1063 1026 1128 1096 est,
1147 1020 1206 1080 sed
1223 1025 1353 1080 tantum
1370 1020 1459 1082 iacta
1474 1027 1508 1082 et
1532 1023 1665 1100 depicta
1681 1023 1789 1084 lorma

241 1125 275 1183 in
292 1129 430 1199 argento
454 1129 488 1182 et
505 1123 539 1181 in
562 1138 645 1182 auru
669 1127 733 1196 est,
758 1123 838 1198 quia
857 1121 1010 1183 homines
1034 1123 1295 1184 rationalitatem
1319 1139 1415 1182 suam
1430 1125 1524 1184 velut
1540 1131 1729 1200 argentum,
1753 1132 1789 1186 et

240 1228 415 1289 scientiam
433 1242 530 1287 suam
552 1225 646 1286 velut
666 1241 797 1300 aurum,
815 1226 849 1306 iu
873 1242 973 1302 opere
996 1243 1159 1308 manuum,
1173 1243 1311 1287 suarum
1328 1228 1648 1291 contaminaverunt.
1665 1231 1702 1292 Iu
1722 1231 1790 1292 ista

238 1331 327 1391 enim
344 1335 535 1390 aeramenta
551 1327 712 1388 Diabolus
729 1329 844 1388 ilatum
861 1345 958 1389 suum
976 1331 1090 1404 mittit,
1112 1331 1270 1406 quoniam
1285 1329 1388 1390 Deum
1414 1330 1456 1391 ab
1473 1331 1568 1394 initio
1585 1333 1731 1409 negavit;
1748 1348 1790 1395 ac

238 1438 273 1498 in
288 1437 339 1497 eis
354 1434 459 1495 Deum
476 1449 513 1494 se
529 1447 606 1492 esse
622 1432 715 1508 dicit,
733 1439 767 1492 et
783 1434 833 1492 sic
850 1434 977 1510 absque
1001 1435 1078 1494 visu
1094 1435 1248 1510 visionis,
1266 1440 1300 1494 et
1316 1434 1443 1511 absque
1460 1436 1625 1512 sapientia
1646 1437 1790 1498 auditio·

236 1541 303 1615 nis,
321 1544 355 1600 et
370 1540 499 1614 absque
522 1537 695 1597 intellectu
710 1537 883 1612 odoratus,
900 1543 934 1596 et
958 1538 1085 1614 absque
1102 1539 1197 1598 vitali
1215 1552 1302 1612 aere,
1321 1545 1354 1598 et
1371 1539 1499 1615 absque
1523 1540 1705 1616 spiramine
1722 1543 1789 1620 spi-

238 1644 346 1706 raculi
361 1644 452 1704 vitae
470 1643 503 1701 in
519 1642 569 1700 eis
594 1646 691 1700 sonat
706 1637 744 1719 ²).
762 1639 824 1698 Sed
842 1641 875 1699 in
891 1641 1047 1700 omnibus
1063 1642 1117 1702 his
1133 1641 1292 1702 Diabolus
1308 1643 1434 1701 nullam
1450 1644 1711 1719 possibilitatem
1731 1645 1789 1706 ha·

236 1747 304 1822 bet,
322 1745 458 1806 undeet
483 1759 520 1803 se
536 1745 570 1803 ln
586 1758 741 1819 magnam
764 1741 994 1804 confusionem
1010 1745 1114 1820 ducit,
1132 1746 1289 1821 quoniam
1307 1747 1339 1805 in
1364 1747 1414 1804 eis
1432 1745 1575 1807 ludibria
1597 1763 1658 1808 sua
1675 1756 1785 1825 parat,

238 1868 315 1912 cum
332 1852 366 1912 in
389 1852 439 1910 eis
455 1843 625 1929 ⁸)*nullam
649 1847 909 1926 possibilitatem
934 1848 1067 1922 habeat,
1092 1849 1371 1925 quemadmodum
1394 1849 1496 1909 etiam
1513 1865 1574 1909 nec
1597 1850 1709 1926 homo,
1727 1851 1788 1912 sed

238 1962 368 2018 tantum
385 1957 419 2015 in
442 1954 636 2014 seductione
653 1953 798 2013 hominis
822 1952 954 2029 gaudet.
973 1952 1055 2013 Nam
1076 1955 1106 2014 si
1121 1953 1280 2014 Diabolus
1297 1954 1558 2032 possibilitatem
1579 1956 1612 2016 in
1629 1956 1788 2032 operibus

241 2062 415 2123 hominum
441 2059 623 2119 secundum
638 2045 845 2119 voluntatem
870 2074 965 2119 suam
983 2057 1132 2134 haberet,
1159 2060 1215 2119 illa
1233 2060 1321 2119 sicut
1343 2058 1432 2118 Deus
1456 2059 1490 2118 in
1507 2060 1608 2119 aliam
1630 2066 1787 2121 naturam

238 2173 461 2242 converteret,
486 2165 651 2242 quomodo
675 2166 777 2224 etiam
793 2164 881 2224 Deus
906 2165 1022 2224 limum
1047 2171 1157 2226 terrac
1175 2166 1206 2225 in
1224 2165 1325 2226 aliam
1341 2171 1495 2225 naturam
1512 2166 1692 2238 convertit,
1709 2181 1787 2227 cum

238 2274 406 2335 hominem
422 2272 559 2332 delimo
578 2270 746 2330 formavit.
758 2269 800 2328 Et
815 2285 892 2328 cum
909 2269 1007 2335 homo
1025 2285 1127 2346 opera
1139 2285 1200 2330 sua
1213 2286 1274 2346 pro
1287 2271 1354 2329 Dec
1371 2276 1554 2344 computat,
1568 2271 1667 2347 quasi
1681 2269 1788 2332 Deum

238 2393 316 2438 esse
332 2376 472 2450 nesciat,
491 2379 570 2434 tunc
586 2373 779 2433 simulacris
792 2372 1013 2446 assimilatum
1030 2374 1189 2447 quoniam
1206 2374 1239 2433 in
1255 2374 1305 2433 eis
1318 2372 1465 2444 confidit,
1479 2379 1513 2434 at
1529 2375 1688 2450 quoniam
1703 2372 1787 2434 baec

237 2482 441 2542 existimatio
467 2480 612 2540 hominis
630 2494 721 2538 mors
744 2479 886 2537 estsine
910 2478 1001 2537 omni
1017 2479 1126 2552 gratia
1142 2479 1254 2554 operis
1277 2477 1348 2552 Dei,
1367 2480 1413 2538 ita
1430 2478 1639 2556 quodetiam
1664 2479 1712 2541 illi
1728 2481 1788 2556 qui

237 2587 270 2645 in
287 2585 337 2645 eis
354 2598 448 2660 spem
466 2598 562 2642 suam
580 2585 718 2658 ponunt,
737 2596 814 2640 oum
830 2579 968 2640 Diabolo
986 2581 1020 2638 in
1036 2580 1258 2641 exterioribus
1276 2581 1425 2640 tenebris
1441 2582 1693 2658 permanebunt.

962 2785 1067 2847 LXVI.

715 2994 755 3055 In
778 2993 976 3074 infidelitate
1000 3012 1094 3053 omne
1118 2997 1236 3055 vitium
1259 3001 1319 3056 est.

282 3211 334 3272 79.
358 3207 452 3282 Quod
469 3212 581 3267 autem
598 3205 631 3264 in
654 3203 771 3263 eadem
787 3203 908 3262 nebula
924 3202 1058 3262 diversa
1073 3197 1098 3282 ι)
1115 3218 1239 3278 genera
1262 3204 1422 3264 vitiorum
1439 3205 1473 3264 in
1495 3203 1697 3278 imaginibus
1712 3207 1787 3268 suis

220 3286 340 3390 sides,
358 3312 422 3372 hoc
437 3317 490 3370 est
513 3308 602 3386 quod
619 3309 653 3366 in
676 3306 872 3367 infidelitate
896 3321 994 3366 omne
1018 3322 1124 3380 genus
1147 3307 1307 3366 vitiorum
1323 3322 1399 3366 eum
1423 3307 1514 3367 omni
1535 3308 1697 3367 comitatu
1720 3324 1784 3370 suo

236 3427 300 3496 est,
325 3419 481 3497 quoniam
506 3415 563 3492 qui
588 3414 685 3474 tidem
709 3411 910 3488 nonhabet,
936 3413 1025 3472 omni
1051 3412 1135 3472 bono
1160 3418 1262 3472 caret.
1279 3412 1326 3472 Ex
1346 3411 1470 3488 quihus
1494 3417 1622 3488 septem
1639 3412 1673 3471 in
1696 3412 1785 3472 hunc

238 3523 372 3584 modum
388 3519 595 3592 consideras,
613 3515 692 3593 quia
709 3515 880 3592 plenitudo
896 3529 1012 3574 eorum
1027 3514 1063 3573 in
1079 3512 1397 3575 commutationibus
1414 3514 1487 3574 suis
1504 3513 1566 3573 tibi
1582 3513 1784 3589 ostenditur,

236 3645 300 3689 non
317 3633 429 3689 autem
445 3623 533 3702 quod
551 3625 597 3683 ita
614 3622 647 3682 in
673 3621 792 3681 formis
809 3621 881 3681 suis
906 3621 984 3694 sint,
1004 3619 1062 3680 sed
1079 3619 1168 3695 quod
1185 3618 1447 3694 significationes
1470 3635 1587 3680 eorum
1603 3617 1667 3680 hoc
1688 3618 1788 3680 modo

235 3732 503 3804 manifestantur,
529 3727 687 3804 quoniam
703 3724 863 3785 Diabolus
888 3725 993 3784 multa
1015 3723 1127 3800 jacula
1150 3723 1386 3800 perversitatis
1410 3722 1549 3799 habens,
1568 3722 1735 3783 hominem
1751 3723 1788 3782 in

236 3841 347 3899 lacum
361 3833 561 3914 perditionis
579 3832 713 3891 mittere
730 3830 859 3890 nititur.

950 4034 1070 4096 LXVII.

840 4244 886 4306 De
910 4262 1020 4304 umore
1045 4245 1179 4306 saecuti.

277 4459 331 4522 80.
356 4458 447 4522 Unde
472 4459 580 4535 prima
596 4453 707 4532 'imago
732 4469 881 4515 amorem
899 4454 1025 4513 saeculi
1041 4451 1207 4529 designat,
1224 4449 1248 4534 5)
1266 4454 1345 4530 quia
1363 4456 1521 4533 antiquus
1546 4450 1704 4516 seductor
1717 4449 1785 4533 pri·

231 4568 334 4627 mitus
352 4578 500 4624 amorem
525 4559 749 4620 saecularium
766 4557 956 4616 bominibus
982 4555 1170 4630 infundens,
1188 4572 1247 4616 eos
1271 4558 1373 4618 etiam
1398 4559 1439 4618 ad
1456 4565 1590 4619 caetera
1612 4559 1695 4620 vilia
1710 4573 1785 4635 per·

232 4669 334 4731 ducit.
351 4669 391 4729 Et
407 4667 490 4727 haec
508 4664 650 4724 formam
665 4659 689 4740 ⁶)
709 4661 854 4721 hominis
871 4665 906 4720 et
921 4657 1129 4735 nigredinem
1144 4659 1313 4736 AEthiupis
1338 4660 1449 4737 habet,
1468 4661 1625 4738 quoniam
1641 4660 1785 4722 carnali·

231 4774 295 4834 bus
311 4771 491 4833 desideriis
508 4767 652 4844 pleniter
668 4780 704 4824 se
723 4763 911 4840 implicans
929 4763 1058 4822 nullum
1076 4762 1299 4838 splendorem,
1317 4779 1378 4823 nec
1395 4764 1497 4824 ullam
1523 4763 1711 4823 claritatem
1727 4761 1786 4822 ha-

231 4877 310 4946 bere
334 4874 514 4934 desiderat.
532 4871 626 4932 Nuda
650 4883 783 4946 quoque
801 4873 895 4928 stans
920 4866 1069 4927 brachiis
1085 4881 1124 4926 ao
1141 4867 1297 4927 cruribus
1315 4868 1402 4938 suia,
1420 4867 1576 4928 arborem
1593 4867 1656 4928 sub
1680 4865 1784 4928 ramis

271 5063 292 5128 ¹)
305 5061 495 5118 rationalitate
507 5057 553 5114 W.
567 5088 600 5098 —
610 5057 633 5122 π)
647 5059 744 5112 rorant
754 5054 786 5110 Α.
800 5083 834 5094 ·-
847 5053 869 5119 ³)
882 5071 942 5109 cam
953 5056 992 5110 eis
1030 5052 1143 5116 transit.
1157 5057 1378 5124 constanterque
1390 5070 1473 5128 porro
1487 5052 1527 5109 ita
1537 5051 1653 5114 disserit
1664 5068 1714 5125 per
1725 5051 1781 5108 vn

235 5149 268 5206 Α.
291 5179 325 5188 -
344 5147 366 5213 ⁴)
385 5147 489 5218 diffuso
507 5145 542 5205 Α.
563 5143 679 5216 paulum
699 5139 831 5209 ambigua
851 5139 992 5212 scriptura
1030 5140 1128 5202 libros.
1142 5155 1307 5212 semperque
1320 5138 1456 5208 magistra
1470 5143 1527 5194 tam
1542 5137 1572 5194 in
1585 5137 1781 5210 moraliquam

234 5235 266 5290 in
289 5233 332 5288 W.
360 5261 392 5270 -
417 5233 438 5296 δ)
462 5231 485 5283 Α
506 5243 534 5282 re
557 5225 715 5296 dogmatica
741 5229 818 5280 rates
840 5224 874 5279 ad
897 5224 992 5281 ethica
1030 5223 1060 5283 iu
1075 5225 1234 5296 theologico
1247 5225 1345 5284 ordine
1358 5230 1491 5297 praestat.
1507 5226 1575 5292 -ll
1585 5225 1679 5296 forma
1690 5224 1724 5279 Α.
