<?xml version="1.0" encoding="UTF-8"?>
<!DOCTYPE html PUBLIC "-//W3C//DTD XHTML 1.0 Transitional//EN"
    "http://www.w3.org/TR/xhtml1/DTD/xhtml1-transitional.dtd">
<html xmlns="http://www.w3.org/1999/xhtml" xml:lang="en" lang="en">
 <head>
  <title>
</title>
<meta http-equiv="Content-Type" content="text/html;charset=utf-8" />
  <meta name='ocr-system' content='tesseract 3.04.00' />
  <meta name='ocr-capabilities' content='ocr_page ocr_carea ocr_par ocr_line ocrx_word'/>
</head>
<body>
  <div class='ocr_page' id='page_1' title='image "analectasacrasp04pitrgoog_0115.png"; bbox 0 0 3992 6092; ppageno 0'>
   <div class='ocr_carea' id='block_1_1' title="bbox 294 483 1198 556">
    <p class='ocr_par' dir='ltr' id='par_1_1' title="bbox 294 483 1198 556">
     <span class='ocr_line' id='line_1_1' title="bbox 294 483 1198 556; baseline 0.004 -4"><span class='ocrx_word' id='word_1_1' title='bbox 294 483 337 553; x_wconf 72' lang='lat' dir='ltr'>&#39;ll</span> <span class='ocrx_word' id='word_1_2' title='bbox 872 511 897 555; x_wconf 92' lang='lat' dir='ltr'>s.</span> <span class='ocrx_word' id='word_1_3' title='bbox 928 507 1198 556; x_wconf 76' lang='lat' dir='ltr'>uranussnnls</span> 
     </span>
    </p>
   </div>
   <div class='ocr_carea' id='block_1_2' title="bbox 257 625 1809 915">
    <p class='ocr_par' dir='ltr' id='par_1_2' title="bbox 257 625 1809 915">
     <span class='ocr_line' id='line_1_2' title="bbox 259 625 1808 708; baseline 0.004 -20"><span class='ocrx_word' id='word_1_4' title='bbox 259 629 449 704; x_wconf 87' lang='lat' dir='ltr'>nilestatur,</span> <span class='ocrx_word' id='word_1_5' title='bbox 475 630 563 706; x_wconf 84' lang='lat' dir='ltr'>quod</span> <span class='ocrx_word' id='word_1_6' title='bbox 586 629 674 690; x_wconf 89' lang='lat' dir='ltr'>Deus</span> <span class='ocrx_word' id='word_1_7' title='bbox 693 629 725 689; x_wconf 93' lang='lat' dir='ltr'>in</span> <span class='ocrx_word' id='word_1_8' title='bbox 748 631 854 690; x_wconf 85' lang='lat' dir='ltr'>veteri</span> <span class='ocrx_word' id='word_1_9' title='bbox 871 630 956 706; x_wconf 91' lang='lat' dir='ltr'>Lege</span> <span class='ocrx_word' id='word_1_10' title='bbox 980 631 1138 691; x_wconf 90' lang='lat' dir='ltr'>duritiam</span> <span class='ocrx_word' id='word_1_11' title='bbox 1157 632 1347 691; x_wconf 91' lang='lat' dir='ltr'>hominihus</span> <span class='ocrx_word' id='word_1_12' title='bbox 1366 632 1551 708; x_wconf 83' lang='lat' dir='ltr'>proposuit,</span> <span class='ocrx_word' id='word_1_13' title='bbox 1570 631 1649 708; x_wconf 86' lang='lat' dir='ltr'>quia</span> <span class='ocrx_word' id='word_1_14' title='bbox 1670 625 1808 694; x_wconf 88' lang='lat' dir='ltr'>adeum</span> 
     </span>
     <span class='ocr_line' id='line_1_3' title="bbox 259 732 1809 810; baseline 0.001 -18"><span class='ocrx_word' id='word_1_15' title='bbox 259 732 419 792; x_wconf 88' lang='lat' dir='ltr'>duritiam</span> <span class='ocrx_word' id='word_1_16' title='bbox 434 735 468 793; x_wconf 89' lang='lat' dir='ltr'>el</span> <span class='ocrx_word' id='word_1_17' title='bbox 484 749 550 793; x_wconf 91' lang='lat' dir='ltr'>non</span> <span class='ocrx_word' id='word_1_18' title='bbox 565 734 740 793; x_wconf 90' lang='lat' dir='ltr'>mollitiem</span> <span class='ocrx_word' id='word_1_19' title='bbox 756 734 934 808; x_wconf 90' lang='lat' dir='ltr'>habebant,</span> <span class='ocrx_word' id='word_1_20' title='bbox 950 751 1026 794; x_wconf 91' lang='lat' dir='ltr'>cum</span> <span class='ocrx_word' id='word_1_21' title='bbox 1039 741 1157 810; x_wconf 90' lang='lat' dir='ltr'>postea</span> <span class='ocrx_word' id='word_1_22' title='bbox 1171 735 1203 792; x_wconf 91' lang='lat' dir='ltr'>in</span> <span class='ocrx_word' id='word_1_23' title='bbox 1217 751 1303 794; x_wconf 91' lang='lat' dir='ltr'>nova</span> <span class='ocrx_word' id='word_1_24' title='bbox 1315 736 1400 809; x_wconf 85' lang='lat' dir='ltr'>Lege</span> <span class='ocrx_word' id='word_1_25' title='bbox 1413 736 1563 796; x_wconf 88' lang='lat' dir='ltr'>emollita</span> <span class='ocrx_word' id='word_1_26' title='bbox 1576 736 1678 796; x_wconf 91' lang='lat' dir='ltr'>corda</span> <span class='ocrx_word' id='word_1_27' title='bbox 1690 751 1809 795; x_wconf 88' lang='lat' dir='ltr'>eorum</span> 
     </span>
     <span class='ocr_line' id='line_1_4' title="bbox 257 837 727 915; baseline 0.002 -19"><span class='ocrx_word' id='word_1_28' title='bbox 257 837 371 897; x_wconf 90' lang='lat' dir='ltr'>divina</span> <span class='ocrx_word' id='word_1_29' title='bbox 388 839 490 898; x_wconf 87' lang='lat' dir='ltr'>verba</span> <span class='ocrx_word' id='word_1_30' title='bbox 507 839 727 915; x_wconf 81' lang='lat' dir='ltr'>perciperent.</span> 
     </span>
    </p>
   </div>
   <div class='ocr_carea' id='block_1_3' title="bbox 958 1045 1095 1108">
    <p class='ocr_par' dir='ltr' id='par_1_3' title="bbox 958 1045 1095 1108">
     <span class='ocr_line' id='line_1_5' title="bbox 958 1045 1095 1108; baseline -0.007 0"><span class='ocrx_word' id='word_1_31' title='bbox 958 1045 1095 1108; x_wconf 87' lang='lat' dir='ltr'>XXVIII.</span> 
     </span>
    </p>
   </div>
   <div class='ocr_carea' id='block_1_4' title="bbox 374 1253 1689 1419">
    <p class='ocr_par' dir='ltr' id='par_1_4' title="bbox 374 1253 1689 1419">
     <span class='ocr_line' id='line_1_6' title="bbox 374 1253 1689 1330; baseline 0 -18"><span class='ocrx_word' id='word_1_32' title='bbox 374 1253 415 1312; x_wconf 81' lang='lat' dir='ltr'>In</span> <span class='ocrx_word' id='word_1_33' title='bbox 433 1253 668 1313; x_wconf 73' lang='lat' dir='ltr'>incarnatione</span> <span class='ocrx_word' id='word_1_34' title='bbox 685 1254 818 1312; x_wconf 82' lang='lat' dir='ltr'>nullum</span> <span class='ocrx_word' id='word_1_35' title='bbox 835 1254 1074 1313; x_wconf 75' lang='lat' dir='ltr'>detrimentum</span> <span class='ocrx_word' id='word_1_36' title='bbox 1092 1253 1198 1314; x_wconf 84' lang='lat' dir='ltr'>Filius</span> <span class='ocrx_word' id='word_1_37' title='bbox 1217 1253 1278 1314; x_wconf 85' lang='lat' dir='ltr'>Dei</span> <span class='ocrx_word' id='word_1_38' title='bbox 1296 1257 1410 1330; x_wconf 81' lang='lat' dir='ltr'>sensit,</span> <span class='ocrx_word' id='word_1_39' title='bbox 1428 1256 1484 1330; x_wconf 83' lang='lat' dir='ltr'>qui</span> <span class='ocrx_word' id='word_1_40' title='bbox 1501 1256 1536 1312; x_wconf 83' lang='lat' dir='ltr'>in</span> <span class='ocrx_word' id='word_1_41' title='bbox 1553 1253 1689 1312; x_wconf 80' lang='lat' dir='ltr'>mundis</span> 
     </span>
     <span class='ocr_line' id='line_1_7' title="bbox 879 1358 1178 1419; baseline 0 -1"><span class='ocrx_word' id='word_1_42' title='bbox 879 1358 1027 1418; x_wconf 81' lang='lat' dir='ltr'><strong><em>cordibus</em></strong></span> <span class='ocrx_word' id='word_1_43' title='bbox 1044 1358 1178 1419; x_wconf 86' lang='lat' dir='ltr'>habitat.</span> 
     </span>
    </p>
   </div>
   <div class='ocr_carea' id='block_1_5' title="bbox 243 1563 1804 3400">
    <p class='ocr_par' dir='ltr' id='par_1_5' title="bbox 243 1563 1804 3400">
     <span class='ocr_line' id='line_1_8' title="bbox 299 1563 1803 1642; baseline -0.001 -19"><span class='ocrx_word' id='word_1_44' title='bbox 299 1564 353 1624; x_wconf 83' lang='lat'>37.</span> <span class='ocrx_word' id='word_1_45' title='bbox 378 1564 414 1624; x_wconf 95' lang='lat' dir='ltr'>In</span> <span class='ocrx_word' id='word_1_46' title='bbox 431 1565 516 1625; x_wconf 92' lang='lat' dir='ltr'>libro</span> <span class='ocrx_word' id='word_1_47' title='bbox 535 1581 668 1642; x_wconf 85' lang='lat' dir='ltr'>quoque</span> <span class='ocrx_word' id='word_1_48' title='bbox 685 1565 821 1625; x_wconf 83' lang='lat' dir='ltr'>dextrae</span> <span class='ocrx_word' id='word_1_49' title='bbox 839 1565 911 1626; x_wconf 88' lang='lat' dir='ltr'>alae</span> <span class='ocrx_word' id='word_1_50' title='bbox 929 1565 1030 1626; x_wconf 87' lang='lat' dir='ltr'>etiarn</span> <span class='ocrx_word' id='word_1_51' title='bbox 1047 1565 1133 1626; x_wconf 92' lang='lat' dir='ltr'>duae</span> <span class='ocrx_word' id='word_1_52' title='bbox 1150 1566 1291 1642; x_wconf 82' lang='lat' dir='ltr'>paginae</span> <span class='ocrx_word' id='word_1_53' title='bbox 1308 1571 1396 1640; x_wconf 90' lang='lat' dir='ltr'>sunl,</span> <span class='ocrx_word' id='word_1_54' title='bbox 1415 1565 1573 1642; x_wconf 88' lang='lat' dir='ltr'>quoniam</span> <span class='ocrx_word' id='word_1_55' title='bbox 1591 1563 1803 1624; x_wconf 79' lang='lat' dir='ltr'>rationalitas</span> 
     </span>
     <span class='ocr_line' id='line_1_9' title="bbox 260 1665 1804 1746; baseline 0 -22"><span class='ocrx_word' id='word_1_56' title='bbox 260 1666 293 1724; x_wconf 94' lang='lat' dir='ltr'>in</span> <span class='ocrx_word' id='word_1_57' title='bbox 317 1683 403 1727; x_wconf 88' lang='lat' dir='ltr'>novo</span> <span class='ocrx_word' id='word_1_58' title='bbox 429 1668 652 1742; x_wconf 86' lang='lat' dir='ltr'>Testamento,</span> <span class='ocrx_word' id='word_1_59' title='bbox 678 1668 919 1746; x_wconf 89' lang='lat' dir='ltr'>protectionem</span> <span class='ocrx_word' id='word_1_60' title='bbox 944 1684 1108 1742; x_wconf 84' lang='lat' dir='ltr'>supernae</span> <span class='ocrx_word' id='word_1_61' title='bbox 1125 1668 1343 1728; x_wconf 79' lang='lat' dir='ltr'>beatitudinis</span> <span class='ocrx_word' id='word_1_62' title='bbox 1362 1668 1499 1742; x_wconf 79' lang='lat' dir='ltr'>habena,</span> <span class='ocrx_word' id='word_1_63' title='bbox 1518 1666 1650 1727; x_wconf 89' lang='lat' dir='ltr'>induas</span> <span class='ocrx_word' id='word_1_64' title='bbox 1666 1665 1804 1726; x_wconf 87' lang='lat' dir='ltr'>demon·</span> 
     </span>
     <span class='ocr_line' id='line_1_10' title="bbox 258 1769 1803 1850; baseline 0.001 -22"><span class='ocrx_word' id='word_1_65' title='bbox 258 1771 440 1831; x_wconf 90' lang='lat' dir='ltr'>strationes</span> <span class='ocrx_word' id='word_1_66' title='bbox 457 1787 493 1831; x_wconf 88' lang='lat' dir='ltr'>se</span> <span class='ocrx_word' id='word_1_67' title='bbox 510 1774 687 1845; x_wconf 86' lang='lat' dir='ltr'>convertit,</span> <span class='ocrx_word' id='word_1_68' title='bbox 714 1773 771 1832; x_wconf 92' lang='lat' dir='ltr'>ubi</span> <span class='ocrx_word' id='word_1_69' title='bbox 788 1789 891 1831; x_wconf 92' lang='lat' dir='ltr'>unum</span> <span class='ocrx_word' id='word_1_70' title='bbox 910 1771 1087 1830; x_wconf 90' lang='lat' dir='ltr'>Dominum</span> <span class='ocrx_word' id='word_1_71' title='bbox 1110 1773 1214 1832; x_wconf 88' lang='lat' dir='ltr'>Deum</span> <span class='ocrx_word' id='word_1_72' title='bbox 1231 1780 1265 1832; x_wconf 89' lang='lat' dir='ltr'>el</span> <span class='ocrx_word' id='word_1_73' title='bbox 1281 1772 1451 1832; x_wconf 84' lang='lat' dir='ltr'>hominem</span> <span class='ocrx_word' id='word_1_74' title='bbox 1466 1769 1489 1850; x_wconf 81' lang='lat'>¹)</span> <span class='ocrx_word' id='word_1_75' title='bbox 1509 1774 1542 1832; x_wconf 95' lang='lat' dir='ltr'>in</span> <span class='ocrx_word' id='word_1_76' title='bbox 1557 1771 1640 1832; x_wconf 82' lang='lat' dir='ltr'>Filio</span> <span class='ocrx_word' id='word_1_77' title='bbox 1657 1771 1717 1830; x_wconf 88' lang='lat' dir='ltr'>Dei</span> <span class='ocrx_word' id='word_1_78' title='bbox 1733 1787 1803 1831; x_wconf 90' lang='lat' dir='ltr'>ma-</span> 
     </span>
     <span class='ocr_line' id='line_1_11' title="bbox 252 1875 1800 1952; baseline 0.001 -19"><span class='ocrx_word' id='word_1_79' title='bbox 252 1875 399 1936; x_wconf 81' lang='lat' dir='ltr'>nifestat.</span> <span class='ocrx_word' id='word_1_80' title='bbox 423 1877 464 1935; x_wconf 87' lang='lat' dir='ltr'>Et</span> <span class='ocrx_word' id='word_1_81' title='bbox 487 1892 553 1934; x_wconf 93' lang='lat' dir='ltr'>una</span> <span class='ocrx_word' id='word_1_82' title='bbox 574 1876 737 1950; x_wconf 88' lang='lat' dir='ltr'>saphirini</span> <span class='ocrx_word' id='word_1_83' title='bbox 754 1877 787 1935; x_wconf 90' lang='lat' dir='ltr'>et</span> <span class='ocrx_word' id='word_1_84' title='bbox 804 1892 868 1936; x_wconf 92' lang='lat' dir='ltr'>una</span> <span class='ocrx_word' id='word_1_85' title='bbox 886 1876 979 1934; x_wconf 85' lang='lat' dir='ltr'>aurei</span> <span class='ocrx_word' id='word_1_86' title='bbox 995 1877 1119 1936; x_wconf 90' lang='lat' dir='ltr'>coloris</span> <span class='ocrx_word' id='word_1_87' title='bbox 1136 1883 1199 1949; x_wconf 90' lang='lat' dir='ltr'>est,</span> <span class='ocrx_word' id='word_1_88' title='bbox 1218 1877 1297 1952; x_wconf 87' lang='lat' dir='ltr'>quia</span> <span class='ocrx_word' id='word_1_89' title='bbox 1313 1877 1503 1952; x_wconf 67' lang='lat' dir='ltr'>virginitas</span> <span class='ocrx_word' id='word_1_90' title='bbox 1523 1878 1559 1936; x_wconf 90' lang='lat' dir='ltr'>ut</span> <span class='ocrx_word' id='word_1_91' title='bbox 1575 1875 1745 1950; x_wconf 88' lang='lat' dir='ltr'>saphirus,</span> <span class='ocrx_word' id='word_1_92' title='bbox 1764 1875 1800 1934; x_wconf 89' lang='lat' dir='ltr'>in</span> 
     </span>
     <span class='ocr_line' id='line_1_12' title="bbox 255 1977 1800 2055; baseline 0.001 -18"><span class='ocrx_word' id='word_1_93' title='bbox 255 1977 389 2038; x_wconf 90' lang='lat' dir='ltr'>Christo</span> <span class='ocrx_word' id='word_1_94' title='bbox 414 1978 632 2055; x_wconf 86' lang='lat' dir='ltr'>resplenduit,</span> <span class='ocrx_word' id='word_1_95' title='bbox 658 1995 734 2038; x_wconf 89' lang='lat' dir='ltr'>oum</span> <span class='ocrx_word' id='word_1_96' title='bbox 757 1979 831 2055; x_wconf 88' lang='lat' dir='ltr'>lpse</span> <span class='ocrx_word' id='word_1_97' title='bbox 854 1994 895 2038; x_wconf 83' lang='lat' dir='ltr'>ex</span> <span class='ocrx_word' id='word_1_98' title='bbox 919 1980 1076 2054; x_wconf 89' lang='lat' dir='ltr'>virginali</span> <span class='ocrx_word' id='word_1_99' title='bbox 1100 1986 1221 2039; x_wconf 89' lang='lat' dir='ltr'>natura</span> <span class='ocrx_word' id='word_1_100' title='bbox 1245 1987 1356 2055; x_wconf 89' lang='lat' dir='ltr'>natus,</span> <span class='ocrx_word' id='word_1_101' title='bbox 1383 1981 1573 2040; x_wconf 87' lang='lat' dir='ltr'>castitatem</span> <span class='ocrx_word' id='word_1_102' title='bbox 1597 1979 1726 2053; x_wconf 91' lang='lat' dir='ltr'>docuit,</span> <span class='ocrx_word' id='word_1_103' title='bbox 1752 1980 1800 2038; x_wconf 91' lang='lat' dir='ltr'>ita</span> 
     </span>
     <span class='ocr_line' id='line_1_13' title="bbox 251 2081 1797 2158; baseline 0.001 -18"><span class='ocrx_word' id='word_1_104' title='bbox 251 2081 340 2157; x_wconf 86' lang='lat' dir='ltr'>quod</span> <span class='ocrx_word' id='word_1_105' title='bbox 355 2098 470 2142; x_wconf 89' lang='lat' dir='ltr'>omnes</span> <span class='ocrx_word' id='word_1_106' title='bbox 487 2083 544 2158; x_wconf 88' lang='lat' dir='ltr'>qui</span> <span class='ocrx_word' id='word_1_107' title='bbox 561 2097 637 2142; x_wconf 89' lang='lat' dir='ltr'>eum</span> <span class='ocrx_word' id='word_1_108' title='bbox 654 2081 780 2141; x_wconf 90' lang='lat' dir='ltr'>imitari</span> <span class='ocrx_word' id='word_1_109' title='bbox 798 2081 925 2157; x_wconf 86' lang='lat' dir='ltr'>volunt,</span> <span class='ocrx_word' id='word_1_110' title='bbox 943 2083 1134 2142; x_wconf 85' lang='lat' dir='ltr'>castitatem</span> <span class='ocrx_word' id='word_1_111' title='bbox 1150 2083 1301 2157; x_wconf 87' lang='lat' dir='ltr'>diligant.</span> <span class='ocrx_word' id='word_1_112' title='bbox 1319 2083 1409 2142; x_wconf 90' lang='lat' dir='ltr'>Unde</span> <span class='ocrx_word' id='word_1_113' title='bbox 1425 2083 1528 2141; x_wconf 88' lang='lat' dir='ltr'>etiam</span> <span class='ocrx_word' id='word_1_114' title='bbox 1544 2097 1666 2140; x_wconf 90' lang='lat' dir='ltr'>aureus</span> <span class='ocrx_word' id='word_1_115' title='bbox 1685 2081 1797 2156; x_wconf 78' lang='lat' dir='ltr'>fulgor</span> 
     </span>
     <span class='ocr_line' id='line_1_14' title="bbox 255 2183 1800 2260; baseline 0.001 -19"><span class='ocrx_word' id='word_1_116' title='bbox 255 2183 288 2241; x_wconf 91' lang='lat' dir='ltr'>in</span> <span class='ocrx_word' id='word_1_117' title='bbox 310 2199 349 2243; x_wconf 89' lang='lat' dir='ltr'>eo</span> <span class='ocrx_word' id='word_1_118' title='bbox 375 2185 424 2242; x_wconf 90' lang='lat' dir='ltr'>sic</span> <span class='ocrx_word' id='word_1_119' title='bbox 448 2184 597 2259; x_wconf 88' lang='lat' dir='ltr'>ellulget,</span> <span class='ocrx_word' id='word_1_120' title='bbox 618 2200 694 2243; x_wconf 93' lang='lat' dir='ltr'>cum</span> <span class='ocrx_word' id='word_1_121' title='bbox 711 2183 825 2244; x_wconf 84' lang='lat' dir='ltr'>fideles</span> <span class='ocrx_word' id='word_1_122' title='bbox 844 2184 953 2259; x_wconf 89' lang='lat' dir='ltr'>ipsum</span> <span class='ocrx_word' id='word_1_123' title='bbox 971 2201 1088 2244; x_wconf 86' lang='lat' dir='ltr'>verum</span> <span class='ocrx_word' id='word_1_124' title='bbox 1104 2185 1208 2244; x_wconf 88' lang='lat' dir='ltr'>Deum</span> <span class='ocrx_word' id='word_1_125' title='bbox 1225 2201 1264 2243; x_wconf 80' lang='lat' dir='ltr'>ex</span> <span class='ocrx_word' id='word_1_126' title='bbox 1281 2184 1348 2244; x_wconf 90' lang='lat' dir='ltr'>Deo</span> <span class='ocrx_word' id='word_1_127' title='bbox 1365 2185 1464 2243; x_wconf 88' lang='lat' dir='ltr'>Patre</span> <span class='ocrx_word' id='word_1_128' title='bbox 1480 2184 1630 2258; x_wconf 83' lang='lat' dir='ltr'>genitum</span> <span class='ocrx_word' id='word_1_129' title='bbox 1646 2183 1800 2260; x_wconf 87' lang='lat' dir='ltr'>credunt,</span> 
     </span>
     <span class='ocr_line' id='line_1_15' title="bbox 249 2287 1801 2364; baseline -0.001 -17"><span class='ocrx_word' id='word_1_130' title='bbox 249 2290 306 2364; x_wconf 87' lang='lat' dir='ltr'>qui</span> <span class='ocrx_word' id='word_1_131' title='bbox 331 2289 443 2348; x_wconf 91' lang='lat' dir='ltr'>omnia</span> <span class='ocrx_word' id='word_1_132' title='bbox 467 2305 543 2348; x_wconf 89' lang='lat' dir='ltr'>cnm</span> <span class='ocrx_word' id='word_1_133' title='bbox 566 2289 665 2348; x_wconf 90' lang='lat' dir='ltr'>Patre</span> <span class='ocrx_word' id='word_1_134' title='bbox 682 2288 839 2348; x_wconf 88' lang='lat' dir='ltr'>condidit.</span> <span class='ocrx_word' id='word_1_135' title='bbox 858 2289 894 2348; x_wconf 90' lang='lat' dir='ltr'>ln</span> <span class='ocrx_word' id='word_1_136' title='bbox 910 2289 1074 2364; x_wconf 88' lang='lat' dir='ltr'>principio</span> <span class='ocrx_word' id='word_1_137' title='bbox 1091 2290 1180 2347; x_wconf 90' lang='lat' dir='ltr'>enirn</span> <span class='ocrx_word' id='word_1_138' title='bbox 1197 2291 1429 2348; x_wconf 87' lang='lat' dir='ltr'>creaturarum</span> <span class='ocrx_word' id='word_1_139' title='bbox 1446 2288 1551 2346; x_wconf 82' lang='lat' dir='ltr'>Filius</span> <span class='ocrx_word' id='word_1_140' title='bbox 1567 2287 1627 2346; x_wconf 88' lang='lat' dir='ltr'>Dei</span> <span class='ocrx_word' id='word_1_141' title='bbox 1644 2287 1678 2345; x_wconf 91' lang='lat' dir='ltr'>in</span> <span class='ocrx_word' id='word_1_142' title='bbox 1693 2287 1801 2362; x_wconf 90' lang='lat' dir='ltr'>pleni·</span> 
     </span>
     <span class='ocr_line' id='line_1_16' title="bbox 249 2391 1797 2466; baseline -0.001 -15"><span class='ocrx_word' id='word_1_143' title='bbox 249 2391 363 2451; x_wconf 90' lang='lat' dir='ltr'>tudine</span> <span class='ocrx_word' id='word_1_144' title='bbox 387 2398 549 2466; x_wconf 89' lang='lat' dir='ltr'>suaerat,</span> <span class='ocrx_word' id='word_1_145' title='bbox 570 2399 607 2451; x_wconf 90' lang='lat' dir='ltr'>ut</span> <span class='ocrx_word' id='word_1_146' title='bbox 628 2397 704 2451; x_wconf 89' lang='lat' dir='ltr'>ante</span> <span class='ocrx_word' id='word_1_147' title='bbox 721 2408 841 2450; x_wconf 88' lang='lat' dir='ltr'>aevum</span> <span class='ocrx_word' id='word_1_148' title='bbox 859 2391 933 2465; x_wconf 85' lang='lat' dir='ltr'>fult,</span> <span class='ocrx_word' id='word_1_149' title='bbox 951 2409 1011 2450; x_wconf 89' lang='lat' dir='ltr'>neo</span> <span class='ocrx_word' id='word_1_150' title='bbox 1030 2393 1133 2450; x_wconf 92' lang='lat' dir='ltr'>ullum</span> <span class='ocrx_word' id='word_1_151' title='bbox 1150 2392 1318 2452; x_wconf 86' lang='lat' dir='ltr'>defectum</span> <span class='ocrx_word' id='word_1_152' title='bbox 1338 2392 1509 2464; x_wconf 88' lang='lat' dir='ltr'>sustinuit,</span> <span class='ocrx_word' id='word_1_153' title='bbox 1529 2407 1604 2451; x_wconf 92' lang='lat' dir='ltr'>cum</span> <span class='ocrx_word' id='word_1_154' title='bbox 1620 2397 1797 2452; x_wconf 87' lang='lat' dir='ltr'>creaturas</span> 
     </span>
     <span class='ocr_line' id='line_1_17' title="bbox 250 2494 1799 2571; baseline 0.001 -18"><span class='ocrx_word' id='word_1_155' title='bbox 250 2494 385 2569; x_wconf 92' lang='lat' dir='ltr'>prodire</span> <span class='ocrx_word' id='word_1_156' title='bbox 411 2495 501 2570; x_wconf 88' lang='lat' dir='ltr'>lecit,</span> <span class='ocrx_word' id='word_1_157' title='bbox 527 2496 685 2571; x_wconf 86' lang='lat' dir='ltr'>quoniam</span> <span class='ocrx_word' id='word_1_158' title='bbox 706 2496 763 2570; x_wconf 86' lang='lat' dir='ltr'>qui</span> <span class='ocrx_word' id='word_1_159' title='bbox 790 2494 899 2552; x_wconf 84' lang='lat' dir='ltr'>lactus</span> <span class='ocrx_word' id='word_1_160' title='bbox 914 2511 981 2552; x_wconf 90' lang='lat' dir='ltr'>non</span> <span class='ocrx_word' id='word_1_161' title='bbox 997 2502 1060 2568; x_wconf 88' lang='lat' dir='ltr'>est,</span> <span class='ocrx_word' id='word_1_162' title='bbox 1083 2496 1195 2554; x_wconf 88' lang='lat' dir='ltr'>omnia</span> <span class='ocrx_word' id='word_1_163' title='bbox 1213 2495 1301 2554; x_wconf 86' lang='lat' dir='ltr'>lacit.</span> <span class='ocrx_word' id='word_1_164' title='bbox 1326 2496 1391 2553; x_wconf 93' lang='lat' dir='ltr'>Nec</span> <span class='ocrx_word' id='word_1_165' title='bbox 1410 2496 1602 2554; x_wconf 89' lang='lat' dir='ltr'>incarnatus</span> <span class='ocrx_word' id='word_1_166' title='bbox 1620 2495 1725 2553; x_wconf 91' lang='lat' dir='ltr'>ullum</span> <span class='ocrx_word' id='word_1_167' title='bbox 1741 2494 1799 2554; x_wconf 90' lang='lat' dir='ltr'>de-</span> 
     </span>
     <span class='ocr_line' id='line_1_18' title="bbox 251 2597 1800 2673; baseline 0 -17"><span class='ocrx_word' id='word_1_168' title='bbox 251 2598 447 2659; x_wconf 89' lang='lat' dir='ltr'>trimentum</span> <span class='ocrx_word' id='word_1_169' title='bbox 472 2598 665 2657; x_wconf 83' lang='lat' dir='ltr'>Divinitatis</span> <span class='ocrx_word' id='word_1_170' title='bbox 691 2598 805 2657; x_wconf 91' lang='lat' dir='ltr'>sensit.</span> <span class='ocrx_word' id='word_1_171' title='bbox 832 2597 924 2666; x_wconf 89' lang='lat' dir='ltr'>Quod</span> <span class='ocrx_word' id='word_1_172' title='bbox 941 2599 1042 2657; x_wconf 89' lang='lat' dir='ltr'>etiam</span> <span class='ocrx_word' id='word_1_173' title='bbox 1060 2599 1093 2656; x_wconf 90' lang='lat' dir='ltr'>in</span> <span class='ocrx_word' id='word_1_174' title='bbox 1109 2600 1230 2673; x_wconf 82' lang='lat' dir='ltr'>pagina</span> <span class='ocrx_word' id='word_1_175' title='bbox 1248 2598 1409 2673; x_wconf 89' lang='lat' dir='ltr'>saphirini</span> <span class='ocrx_word' id='word_1_176' title='bbox 1428 2598 1550 2656; x_wconf 89' lang='lat' dir='ltr'>coloris</span> <span class='ocrx_word' id='word_1_177' title='bbox 1568 2597 1731 2672; x_wconf 90' lang='lat' dir='ltr'>scriptum</span> <span class='ocrx_word' id='word_1_178' title='bbox 1748 2597 1800 2656; x_wconf 92' lang='lat' dir='ltr'>vi-</span> 
     </span>
     <span class='ocr_line' id='line_1_19' title="bbox 246 2699 1795 2777; baseline -0.002 -17"><span class='ocrx_word' id='word_1_179' title='bbox 246 2701 318 2777; x_wconf 78' lang='lat' dir='ltr'>deS,</span> <span class='ocrx_word' id='word_1_180' title='bbox 344 2702 423 2777; x_wconf 84' lang='lat' dir='ltr'>quia</span> <span class='ocrx_word' id='word_1_181' title='bbox 447 2705 539 2760; x_wconf 87' lang='lat' dir='ltr'>certa</span> <span class='ocrx_word' id='word_1_182' title='bbox 563 2700 832 2760; x_wconf 86' lang='lat' dir='ltr'>manifestatione</span> <span class='ocrx_word' id='word_1_183' title='bbox 850 2701 950 2774; x_wconf 89' lang='lat' dir='ltr'>Virgo</span> <span class='ocrx_word' id='word_1_184' title='bbox 972 2717 1092 2774; x_wconf 92' lang='lat' dir='ltr'>purum</span> <span class='ocrx_word' id='word_1_185' title='bbox 1110 2701 1280 2760; x_wconf 86' lang='lat' dir='ltr'>hominem</span> <span class='ocrx_word' id='word_1_186' title='bbox 1297 2703 1330 2760; x_wconf 94' lang='lat' dir='ltr'>in</span> <span class='ocrx_word' id='word_1_187' title='bbox 1353 2717 1436 2775; x_wconf 91' lang='lat' dir='ltr'>pura</span> <span class='ocrx_word' id='word_1_188' title='bbox 1456 2700 1649 2772; x_wconf 86' lang='lat' dir='ltr'>virginitate</span> <span class='ocrx_word' id='word_1_189' title='bbox 1666 2699 1795 2773; x_wconf 91' lang='lat' dir='ltr'>genuit,</span> 
     </span>
     <span class='ocr_line' id='line_1_20' title="bbox 247 2802 1794 2864; baseline -0.003 1"><span class='ocrx_word' id='word_1_190' title='bbox 247 2821 324 2864; x_wconf 91' lang='lat' dir='ltr'>oum</span> <span class='ocrx_word' id='word_1_191' title='bbox 347 2806 493 2864; x_wconf 89' lang='lat' dir='ltr'>Verbum</span> <span class='ocrx_word' id='word_1_192' title='bbox 518 2821 615 2862; x_wconf 92' lang='lat' dir='ltr'>suum</span> <span class='ocrx_word' id='word_1_193' title='bbox 640 2804 737 2862; x_wconf 89' lang='lat' dir='ltr'>suavi</span> <span class='ocrx_word' id='word_1_194' title='bbox 762 2804 923 2862; x_wconf 88' lang='lat' dir='ltr'>missione</span> <span class='ocrx_word' id='word_1_195' title='bbox 939 2803 1132 2863; x_wconf 89' lang='lat' dir='ltr'>Dominator</span> <span class='ocrx_word' id='word_1_196' title='bbox 1149 2811 1345 2864; x_wconf 89' lang='lat' dir='ltr'>cunctorum</span> <span class='ocrx_word' id='word_1_197' title='bbox 1371 2802 1584 2862; x_wconf 85' lang='lat' dir='ltr'>credentibus</span> <span class='ocrx_word' id='word_1_198' title='bbox 1600 2802 1794 2861; x_wconf 88' lang='lat' dir='ltr'>destinavit.</span> 
     </span>
     <span class='ocr_line' id='line_1_21' title="bbox 248 2903 1795 2982; baseline -0.002 -16"><span class='ocrx_word' id='word_1_199' title='bbox 248 2908 340 2978; x_wconf 89' lang='lat' dir='ltr'>Quod</span> <span class='ocrx_word' id='word_1_200' title='bbox 360 2914 471 2968; x_wconf 91' lang='lat' dir='ltr'>tamen</span> <span class='ocrx_word' id='word_1_201' title='bbox 487 2908 672 2982; x_wconf 89' lang='lat' dir='ltr'>permansit</span> <span class='ocrx_word' id='word_1_202' title='bbox 696 2907 826 2980; x_wconf 81' lang='lat' dir='ltr'>millia,</span> <span class='ocrx_word' id='word_1_203' title='bbox 846 2908 904 2982; x_wconf 86' lang='lat' dir='ltr'>qni</span> <span class='ocrx_word' id='word_1_204' title='bbox 920 2907 1025 2966; x_wconf 86' lang='lat' dir='ltr'>Deum</span> <span class='ocrx_word' id='word_1_205' title='bbox 1043 2925 1126 2982; x_wconf 91' lang='lat' dir='ltr'>puro</span> <span class='ocrx_word' id='word_1_206' title='bbox 1148 2907 1248 2966; x_wconf 86' lang='lat' dir='ltr'>corde</span> <span class='ocrx_word' id='word_1_207' title='bbox 1268 2907 1432 2982; x_wconf 88' lang='lat' dir='ltr'>inspicere</span> <span class='ocrx_word' id='word_1_208' title='bbox 1450 2905 1661 2964; x_wconf 89' lang='lat' dir='ltr'>contendunt:</span> <span class='ocrx_word' id='word_1_209' title='bbox 1680 2910 1713 2963; x_wconf 92' lang='lat' dir='ltr'>et</span> <span class='ocrx_word' id='word_1_210' title='bbox 1730 2903 1795 2963; x_wconf 90' lang='lat' dir='ltr'>hoc</span> 
     </span>
     <span class='ocr_line' id='line_1_22' title="bbox 246 3010 1796 3088; baseline -0.001 -18"><span class='ocrx_word' id='word_1_211' title='bbox 246 3027 378 3088; x_wconf 89' lang='lat' dir='ltr'>quoque</span> <span class='ocrx_word' id='word_1_212' title='bbox 402 3013 437 3070; x_wconf 92' lang='lat' dir='ltr'>in</span> <span class='ocrx_word' id='word_1_213' title='bbox 460 3012 581 3086; x_wconf 90' lang='lat' dir='ltr'>pagina</span> <span class='ocrx_word' id='word_1_214' title='bbox 601 3012 696 3072; x_wconf 90' lang='lat' dir='ltr'>aurei</span> <span class='ocrx_word' id='word_1_215' title='bbox 713 3012 837 3070; x_wconf 89' lang='lat' dir='ltr'>eoloris</span> <span class='ocrx_word' id='word_1_216' title='bbox 855 3011 1016 3086; x_wconf 89' lang='lat' dir='ltr'>scriptum</span> <span class='ocrx_word' id='word_1_217' title='bbox 1036 3019 1099 3085; x_wconf 88' lang='lat' dir='ltr'>est,</span> <span class='ocrx_word' id='word_1_218' title='bbox 1118 3013 1276 3088; x_wconf 87' lang='lat' dir='ltr'>qnoniam</span> <span class='ocrx_word' id='word_1_219' title='bbox 1293 3019 1409 3086; x_wconf 86' lang='lat' dir='ltr'>aperta</span> <span class='ocrx_word' id='word_1_220' title='bbox 1427 3011 1619 3072; x_wconf 89' lang='lat' dir='ltr'>ostensione</span> <span class='ocrx_word' id='word_1_221' title='bbox 1637 3026 1675 3068; x_wconf 89' lang='lat' dir='ltr'>ac</span> <span class='ocrx_word' id='word_1_222' title='bbox 1692 3010 1796 3084; x_wconf 89' lang='lat' dir='ltr'>pluri-</span> 
     </span>
     <span class='ocr_line' id='line_1_23' title="bbox 243 3113 1797 3192; baseline -0.001 -18"><span class='ocrx_word' id='word_1_223' title='bbox 243 3131 376 3176; x_wconf 91' lang='lat' dir='ltr'>morum</span> <span class='ocrx_word' id='word_1_224' title='bbox 400 3116 641 3175; x_wconf 86' lang='lat' dir='ltr'>miraculorum</span> <span class='ocrx_word' id='word_1_225' title='bbox 657 3115 820 3191; x_wconf 90' lang='lat' dir='ltr'>prodigiis</span> <span class='ocrx_word' id='word_1_226' title='bbox 837 3115 940 3174; x_wconf 89' lang='lat' dir='ltr'>Filius</span> <span class='ocrx_word' id='word_1_227' title='bbox 959 3114 1072 3174; x_wconf 91' lang='lat' dir='ltr'>mundi</span> <span class='ocrx_word' id='word_1_228' title='bbox 1089 3116 1123 3174; x_wconf 92' lang='lat' dir='ltr'>in</span> <span class='ocrx_word' id='word_1_229' title='bbox 1141 3115 1262 3174; x_wconf 92' lang='lat' dir='ltr'>mundo</span> <span class='ocrx_word' id='word_1_230' title='bbox 1280 3132 1456 3192; x_wconf 85' lang='lat' dir='ltr'>apparens,</span> <span class='ocrx_word' id='word_1_231' title='bbox 1475 3131 1511 3174; x_wconf 86' lang='lat' dir='ltr'>se</span> <span class='ocrx_word' id='word_1_232' title='bbox 1526 3113 1726 3189; x_wconf 89' lang='lat' dir='ltr'>principium</span> <span class='ocrx_word' id='word_1_233' title='bbox 1742 3129 1797 3172; x_wconf 86' lang='lat' dir='ltr'>es-</span> 
     </span>
     <span class='ocr_line' id='line_1_24' title="bbox 245 3218 1795 3298; baseline -0.001 -18"><span class='ocrx_word' id='word_1_234' title='bbox 245 3237 293 3293; x_wconf 89' lang='lat' dir='ltr'>se,</span> <span class='ocrx_word' id='word_1_235' title='bbox 308 3227 342 3279; x_wconf 89' lang='lat' dir='ltr'>el</span> <span class='ocrx_word' id='word_1_236' title='bbox 355 3221 475 3279; x_wconf 86' lang='lat' dir='ltr'>Filium</span> <span class='ocrx_word' id='word_1_237' title='bbox 492 3219 549 3277; x_wconf 90' lang='lat' dir='ltr'>Dei</span> <span class='ocrx_word' id='word_1_238' title='bbox 567 3221 701 3298; x_wconf 86' lang='lat' dir='ltr'>venisse</span> <span class='ocrx_word' id='word_1_239' title='bbox 718 3218 914 3292; x_wconf 89' lang='lat' dir='ltr'>declaravit,</span> <span class='ocrx_word' id='word_1_240' title='bbox 930 3220 1059 3278; x_wconf 86' lang='lat' dir='ltr'>scilicet</span> <span class='ocrx_word' id='word_1_241' title='bbox 1076 3219 1276 3294; x_wconf 89' lang='lat' dir='ltr'>principium</span> <span class='ocrx_word' id='word_1_242' title='bbox 1296 3220 1376 3278; x_wconf 92' lang='lat' dir='ltr'>illud</span> <span class='ocrx_word' id='word_1_243' title='bbox 1390 3218 1477 3295; x_wconf 90' lang='lat' dir='ltr'>quod</span> <span class='ocrx_word' id='word_1_244' title='bbox 1491 3235 1606 3278; x_wconf 90' lang='lat' dir='ltr'>omnes</span> <span class='ocrx_word' id='word_1_245' title='bbox 1619 3224 1795 3279; x_wconf 85' lang='lat' dir='ltr'>creaturas</span> 
     </span>
     <span class='ocr_line' id='line_1_25' title="bbox 245 3320 1691 3400; baseline 0 -20"><span class='ocrx_word' id='word_1_246' title='bbox 245 3322 413 3400; x_wconf 87' lang='lat' dir='ltr'>produxit,</span> <span class='ocrx_word' id='word_1_247' title='bbox 431 3324 464 3381; x_wconf 88' lang='lat' dir='ltr'>et</span> <span class='ocrx_word' id='word_1_248' title='bbox 480 3321 568 3396; x_wconf 90' lang='lat' dir='ltr'>quod</span> <span class='ocrx_word' id='word_1_249' title='bbox 586 3320 704 3380; x_wconf 87' lang='lat' dir='ltr'>deinde</span> <span class='ocrx_word' id='word_1_250' title='bbox 721 3337 760 3378; x_wconf 87' lang='lat' dir='ltr'>ex</span> <span class='ocrx_word' id='word_1_251' title='bbox 777 3320 904 3378; x_wconf 90' lang='lat' dir='ltr'>eisdem</span> <span class='ocrx_word' id='word_1_252' title='bbox 921 3321 1087 3380; x_wconf 88' lang='lat' dir='ltr'>creaturis</span> <span class='ocrx_word' id='word_1_253' title='bbox 1105 3321 1273 3395; x_wconf 84' lang='lat' dir='ltr'>Virginem</span> <span class='ocrx_word' id='word_1_254' title='bbox 1291 3323 1323 3380; x_wconf 93' lang='lat' dir='ltr'>in</span> <span class='ocrx_word' id='word_1_255' title='bbox 1341 3325 1482 3381; x_wconf 87' lang='lat' dir='ltr'>matram</span> <span class='ocrx_word' id='word_1_256' title='bbox 1500 3321 1563 3381; x_wconf 93' lang='lat' dir='ltr'>sibi</span> <span class='ocrx_word' id='word_1_257' title='bbox 1579 3321 1691 3395; x_wconf 88' lang='lat' dir='ltr'>elegit.</span> 
     </span>
    </p>
   </div>
   <div class='ocr_carea' id='block_1_6' title="bbox 937 3523 1100 3589">
    <p class='ocr_par' dir='ltr' id='par_1_6' title="bbox 937 3523 1100 3589">
     <span class='ocr_line' id='line_1_26' title="bbox 937 3523 1100 3589; baseline 0.012 -3"><span class='ocrx_word' id='word_1_258' title='bbox 937 3523 1100 3589; x_wconf 82' lang='lat' dir='ltr'>XXVIIII.</span> 
     </span>
    </p>
   </div>
   <div class='ocr_carea' id='block_1_7' title="bbox 488 3735 1551 3814">
    <p class='ocr_par' dir='ltr' id='par_1_7' title="bbox 488 3735 1551 3814">
     <span class='ocr_line' id='line_1_27' title="bbox 488 3735 1551 3814; baseline 0.001 -16"><span class='ocrx_word' id='word_1_259' title='bbox 488 3735 687 3814; x_wconf 80' lang='lat' dir='ltr'>Prophetiae</span> <span class='ocrx_word' id='word_1_260' title='bbox 711 3737 751 3794; x_wconf 86' lang='lat' dir='ltr'>dc</span> <span class='ocrx_word' id='word_1_261' title='bbox 781 3737 1016 3795; x_wconf 73' lang='lat' dir='ltr'>incarnatione</span> <span class='ocrx_word' id='word_1_262' title='bbox 1044 3737 1164 3796; x_wconf 82' lang='lat' dir='ltr'>Christi</span> <span class='ocrx_word' id='word_1_263' title='bbox 1189 3737 1298 3796; x_wconf 84' lang='lat' dir='ltr'>clarae</span> <span class='ocrx_word' id='word_1_264' title='bbox 1324 3744 1355 3796; x_wconf 86' lang='lat' dir='ltr'>et</span> <span class='ocrx_word' id='word_1_265' title='bbox 1381 3740 1551 3803; x_wconf 82' lang='lat' dir='ltr'>candidae.</span> 
     </span>
    </p>
   </div>
   <div class='ocr_carea' id='block_1_8' title="bbox 239 3941 1790 4644">
    <p class='ocr_par' dir='ltr' id='par_1_8' title="bbox 239 3941 1790 4644">
     <span class='ocr_line' id='line_1_28' title="bbox 285 3941 1790 4025; baseline 0.002 -19"><span class='ocrx_word' id='word_1_266' title='bbox 285 3946 340 4006; x_wconf 89' lang='lat'>38.</span> <span class='ocrx_word' id='word_1_267' title='bbox 365 3945 428 4004; x_wconf 86' lang='lat' dir='ltr'>Sed</span> <span class='ocrx_word' id='word_1_268' title='bbox 444 3944 533 4020; x_wconf 87' lang='lat' dir='ltr'>quod</span> <span class='ocrx_word' id='word_1_269' title='bbox 552 3944 648 4018; x_wconf 91' lang='lat' dir='ltr'>liber,</span> <span class='ocrx_word' id='word_1_270' title='bbox 666 3943 724 4018; x_wconf 87' lang='lat' dir='ltr'>qui</span> <span class='ocrx_word' id='word_1_271' title='bbox 741 3942 774 4000; x_wconf 89' lang='lat' dir='ltr'>in</span> <span class='ocrx_word' id='word_1_272' title='bbox 791 3943 843 4000; x_wconf 91' lang='lat' dir='ltr'>ala</span> <span class='ocrx_word' id='word_1_273' title='bbox 860 3941 952 4000; x_wconf 91' lang='lat' dir='ltr'>dorsi</span> <span class='ocrx_word' id='word_1_274' title='bbox 969 3942 1120 4017; x_wconf 86' lang='lat' dir='ltr'>ejusdem</span> <span class='ocrx_word' id='word_1_275' title='bbox 1138 3944 1217 4014; x_wconf 83' lang='lat' dir='ltr'>viri,</span> <span class='ocrx_word' id='word_1_276' title='bbox 1235 3951 1268 4002; x_wconf 90' lang='lat' dir='ltr'>et</span> <span class='ocrx_word' id='word_1_277' title='bbox 1285 3961 1473 4006; x_wconf 89' lang='lat' dir='ltr'>marmoreo</span> <span class='ocrx_word' id='word_1_278' title='bbox 1489 3949 1523 4006; x_wconf 89' lang='lat' dir='ltr'>et</span> <span class='ocrx_word' id='word_1_279' title='bbox 1539 3947 1668 4022; x_wconf 89' lang='lat' dir='ltr'>integro</span> <span class='ocrx_word' id='word_1_280' title='bbox 1686 3949 1790 4025; x_wconf 88' lang='lat' dir='ltr'>lapidi</span> 
     </span>
     <span class='ocr_line' id='line_1_29' title="bbox 242 4045 1790 4125; baseline 0.003 -17"><span class='ocrx_word' id='word_1_281' title='bbox 242 4049 375 4109; x_wconf 88' lang='lat' dir='ltr'>candidi</span> <span class='ocrx_word' id='word_1_282' title='bbox 399 4047 523 4108; x_wconf 90' lang='lat' dir='ltr'>coloris</span> <span class='ocrx_word' id='word_1_283' title='bbox 548 4047 769 4120; x_wconf 87' lang='lat' dir='ltr'>assimilatur,</span> <span class='ocrx_word' id='word_1_284' title='bbox 795 4045 926 4105; x_wconf 83' lang='lat' dir='ltr'>honest</span> <span class='ocrx_word' id='word_1_285' title='bbox 950 4045 1038 4121; x_wconf 84' lang='lat' dir='ltr'>quod</span> <span class='ocrx_word' id='word_1_286' title='bbox 1063 4046 1272 4106; x_wconf 87' lang='lat' dir='ltr'>rationalitas</span> <span class='ocrx_word' id='word_1_287' title='bbox 1296 4049 1328 4108; x_wconf 92' lang='lat' dir='ltr'>in</span> <span class='ocrx_word' id='word_1_288' title='bbox 1354 4051 1560 4125; x_wconf 90' lang='lat' dir='ltr'>protectione</span> <span class='ocrx_word' id='word_1_289' title='bbox 1585 4049 1790 4114; x_wconf 83' lang='lat' dir='ltr'>fortitudinis</span> 
     </span>
     <span class='ocr_line' id='line_1_30' title="bbox 239 4148 1790 4230; baseline 0.002 -18"><span class='ocrx_word' id='word_1_290' title='bbox 239 4151 447 4229; x_wconf 88' lang='lat' dir='ltr'>prophetiae,</span> <span class='ocrx_word' id='word_1_291' title='bbox 461 4165 547 4226; x_wconf 87' lang='lat' dir='ltr'>quae</span> <span class='ocrx_word' id='word_1_292' title='bbox 561 4150 733 4209; x_wconf 87' lang='lat' dir='ltr'>Christum</span> <span class='ocrx_word' id='word_1_293' title='bbox 747 4148 896 4208; x_wconf 78' lang='lat' dir='ltr'>futurum</span> <span class='ocrx_word' id='word_1_294' title='bbox 912 4150 1145 4225; x_wconf 87' lang='lat' dir='ltr'>prophetabat,</span> <span class='ocrx_word' id='word_1_295' title='bbox 1161 4167 1308 4226; x_wconf 87' lang='lat' dir='ltr'>manans,</span> <span class='ocrx_word' id='word_1_296' title='bbox 1327 4153 1590 4214; x_wconf 90' lang='lat' dir='ltr'>incarnationem</span> <span class='ocrx_word' id='word_1_297' title='bbox 1607 4155 1679 4230; x_wconf 89' lang='lat' dir='ltr'>ejus</span> <span class='ocrx_word' id='word_1_298' title='bbox 1695 4157 1790 4216; x_wconf 83' lang='lat' dir='ltr'>velut</span> 
     </span>
     <span class='ocr_line' id='line_1_31' title="bbox 243 4253 1789 4335; baseline 0.005 -21"><span class='ocrx_word' id='word_1_299' title='bbox 243 4259 275 4315; x_wconf 94' lang='lat' dir='ltr'>in</span> <span class='ocrx_word' id='word_1_300' title='bbox 292 4256 411 4316; x_wconf 90' lang='lat' dir='ltr'>umbra</span> <span class='ocrx_word' id='word_1_301' title='bbox 435 4254 613 4330; x_wconf 82' lang='lat' dir='ltr'>praevidil3</span> <span class='ocrx_word' id='word_1_302' title='bbox 632 4254 791 4330; x_wconf 86' lang='lat' dir='ltr'>quoniam</span> <span class='ocrx_word' id='word_1_303' title='bbox 815 4253 873 4327; x_wconf 87' lang='lat' dir='ltr'>qui</span> <span class='ocrx_word' id='word_1_304' title='bbox 888 4253 1026 4312; x_wconf 90' lang='lat' dir='ltr'>dorsum</span> <span class='ocrx_word' id='word_1_305' title='bbox 1043 4255 1187 4330; x_wconf 89' lang='lat' dir='ltr'>alicujus</span> <span class='ocrx_word' id='word_1_306' title='bbox 1211 4255 1314 4332; x_wconf 90' lang='lat' dir='ltr'>videt,</span> <span class='ocrx_word' id='word_1_307' title='bbox 1333 4255 1452 4318; x_wconf 80' lang='lat' dir='ltr'>taciem</span> <span class='ocrx_word' id='word_1_308' title='bbox 1477 4259 1549 4335; x_wconf 86' lang='lat' dir='ltr'>ejus</span> <span class='ocrx_word' id='word_1_309' title='bbox 1565 4261 1710 4322; x_wconf 92' lang='lat' dir='ltr'>nondum</span> <span class='ocrx_word' id='word_1_310' title='bbox 1731 4279 1789 4322; x_wconf 89' lang='lat' dir='ltr'>no-</span> 
     </span>
     <span class='ocr_line' id='line_1_32' title="bbox 240 4354 1787 4440; baseline 0.005 -24"><span class='ocrx_word' id='word_1_311' title='bbox 240 4360 300 4433; x_wconf 88' lang='lat' dir='ltr'>vit,</span> <span class='ocrx_word' id='word_1_312' title='bbox 319 4359 377 4420; x_wconf 89' lang='lat' dir='ltr'>sed</span> <span class='ocrx_word' id='word_1_313' title='bbox 394 4373 479 4434; x_wconf 86' lang='lat' dir='ltr'>quae</span> <span class='ocrx_word' id='word_1_314' title='bbox 505 4356 608 4417; x_wconf 85' lang='lat' dir='ltr'>facies</span> <span class='ocrx_word' id='word_1_315' title='bbox 626 4356 717 4416; x_wconf 92' lang='lat' dir='ltr'>illius</span> <span class='ocrx_word' id='word_1_316' title='bbox 742 4356 797 4430; x_wconf 90' lang='lat' dir='ltr'>sit,</span> <span class='ocrx_word' id='word_1_317' title='bbox 815 4354 967 4430; x_wconf 90' lang='lat' dir='ltr'>miratur;</span> <span class='ocrx_word' id='word_1_318' title='bbox 994 4357 1042 4415; x_wconf 90' lang='lat' dir='ltr'>sic</span> <span class='ocrx_word' id='word_1_319' title='bbox 1058 4363 1091 4416; x_wconf 89' lang='lat' dir='ltr'>at</span> <span class='ocrx_word' id='word_1_320' title='bbox 1107 4357 1290 4434; x_wconf 89' lang='lat' dir='ltr'>prophetae</span> <span class='ocrx_word' id='word_1_321' title='bbox 1311 4359 1432 4420; x_wconf 88' lang='lat' dir='ltr'>Filium</span> <span class='ocrx_word' id='word_1_322' title='bbox 1448 4361 1505 4422; x_wconf 89' lang='lat' dir='ltr'>Dei</span> <span class='ocrx_word' id='word_1_323' title='bbox 1530 4363 1787 4440; x_wconf 90' lang='lat' dir='ltr'>prophetabant,</span> 
     </span>
     <span class='ocr_line' id='line_1_33' title="bbox 241 4457 1787 4538; baseline 0.005 -19"><span class='ocrx_word' id='word_1_324' title='bbox 241 4461 300 4520; x_wconf 88' lang='lat' dir='ltr'>sed</span> <span class='ocrx_word' id='word_1_325' title='bbox 316 4477 392 4522; x_wconf 90' lang='lat' dir='ltr'>eum</span> <span class='ocrx_word' id='word_1_326' title='bbox 417 4460 451 4520; x_wconf 91' lang='lat' dir='ltr'>in</span> <span class='ocrx_word' id='word_1_327' title='bbox 468 4473 568 4520; x_wconf 88' lang='lat' dir='ltr'>carne</span> <span class='ocrx_word' id='word_1_328' title='bbox 584 4457 730 4518; x_wconf 90' lang='lat' dir='ltr'>nondum</span> <span class='ocrx_word' id='word_1_329' title='bbox 748 4457 907 4518; x_wconf 87' lang='lat' dir='ltr'>sciebant.</span> <span class='ocrx_word' id='word_1_330' title='bbox 924 4458 1015 4518; x_wconf 88' lang='lat' dir='ltr'>Unde</span> <span class='ocrx_word' id='word_1_331' title='bbox 1032 4460 1134 4518; x_wconf 91' lang='lat' dir='ltr'>etiam</span> <span class='ocrx_word' id='word_1_332' title='bbox 1150 4461 1312 4536; x_wconf 88' lang='lat' dir='ltr'>quaedam</span> <span class='ocrx_word' id='word_1_333' title='bbox 1330 4463 1467 4538; x_wconf 88' lang='lat' dir='ltr'>duritia,</span> <span class='ocrx_word' id='word_1_334' title='bbox 1488 4465 1582 4524; x_wconf 91' lang='lat' dir='ltr'>velut</span> <span class='ocrx_word' id='word_1_335' title='bbox 1598 4481 1787 4527; x_wconf 84' lang='lat' dir='ltr'>mannorea</span> 
     </span>
     <span class='ocr_line' id='line_1_34' title="bbox 239 4561 1788 4644; baseline 0.004 -22"><span class='ocrx_word' id='word_1_336' title='bbox 239 4565 404 4638; x_wconf 87' lang='lat' dir='ltr'>soliditas,</span> <span class='ocrx_word' id='word_1_337' title='bbox 425 4565 457 4623; x_wconf 92' lang='lat' dir='ltr'>in</span> <span class='ocrx_word' id='word_1_338' title='bbox 474 4563 524 4622; x_wconf 89' lang='lat' dir='ltr'>eis</span> <span class='ocrx_word' id='word_1_339' title='bbox 542 4561 616 4638; x_wconf 88' lang='lat' dir='ltr'>luit,</span> <span class='ocrx_word' id='word_1_340' title='bbox 634 4561 712 4638; x_wconf 90' lang='lat' dir='ltr'>quia</span> <span class='ocrx_word' id='word_1_341' title='bbox 729 4561 855 4638; x_wconf 88' lang='lat' dir='ltr'>Spiritu</span> <span class='ocrx_word' id='word_1_342' title='bbox 871 4561 991 4622; x_wconf 89' lang='lat' dir='ltr'>Sancto</span> <span class='ocrx_word' id='word_1_343' title='bbox 1009 4563 1149 4638; x_wconf 81' lang='lat' dir='ltr'>perfusi,</span> <span class='ocrx_word' id='word_1_344' title='bbox 1167 4565 1250 4624; x_wconf 90' lang='lat' dir='ltr'>nulli</span> <span class='ocrx_word' id='word_1_345' title='bbox 1267 4565 1500 4642; x_wconf 86' lang='lat' dir='ltr'>adulabantur,</span> <span class='ocrx_word' id='word_1_346' title='bbox 1525 4566 1583 4626; x_wconf 88' lang='lat' dir='ltr'>sed</span> <span class='ocrx_word' id='word_1_347' title='bbox 1600 4567 1635 4626; x_wconf 92' lang='lat' dir='ltr'>in</span> <span class='ocrx_word' id='word_1_348' title='bbox 1652 4568 1788 4644; x_wconf 87' lang='lat' dir='ltr'>integri-</span> 
     </span>
    </p>
   </div>
   <div class='ocr_carea' id='block_1_9' title="bbox 238 4665 1806 4752">
    <p class='ocr_par' dir='ltr' id='par_1_9' title="bbox 238 4665 1806 4752">
     <span class='ocr_line' id='line_1_35' title="bbox 238 4665 1806 4752; baseline 0.002 -23"><span class='ocrx_word' id='word_1_349' title='bbox 238 4673 306 4730; x_wconf 88' lang='lat' dir='ltr'>tate</span> <span class='ocrx_word' id='word_1_350' title='bbox 321 4669 475 4729; x_wconf 88' lang='lat' dir='ltr'>veritatis</span> <span class='ocrx_word' id='word_1_351' title='bbox 492 4668 723 4744; x_wconf 88' lang='lat' dir='ltr'>perstiterunt,</span> <span class='ocrx_word' id='word_1_352' title='bbox 737 4682 797 4726; x_wconf 90' lang='lat' dir='ltr'>nec</span> <span class='ocrx_word' id='word_1_353' title='bbox 814 4681 850 4725; x_wconf 89' lang='lat' dir='ltr'>se</span> <span class='ocrx_word' id='word_1_354' title='bbox 868 4665 941 4740; x_wconf 90' lang='lat' dir='ltr'>hac,</span> <span class='ocrx_word' id='word_1_355' title='bbox 960 4682 1021 4725; x_wconf 87' lang='lat' dir='ltr'>nec</span> <span class='ocrx_word' id='word_1_356' title='bbox 1037 4667 1114 4727; x_wconf 91' lang='lat' dir='ltr'>illac</span> <span class='ocrx_word' id='word_1_357' title='bbox 1130 4668 1165 4727; x_wconf 93' lang='lat' dir='ltr'>in</span> <span class='ocrx_word' id='word_1_358' title='bbox 1181 4669 1293 4729; x_wconf 88' lang='lat' dir='ltr'>verbis</span> <span class='ocrx_word' id='word_1_359' title='bbox 1311 4670 1382 4729; x_wconf 90' lang='lat' dir='ltr'>suis</span> <span class='ocrx_word' id='word_1_360' title='bbox 1400 4669 1606 4745; x_wconf 89' lang='lat' dir='ltr'>scindebant;</span> <span class='ocrx_word' id='word_1_361' title='bbox 1625 4671 1806 4752; x_wconf 39' lang='lat' dir='ltr'>quoniam,</span> 
     </span>
    </p>
   </div>
   <div class='ocr_carea' id='block_1_10' title="bbox 236 4769 1784 5060">
    <p class='ocr_par' dir='ltr' id='par_1_10' title="bbox 236 4769 1784 5060">
     <span class='ocr_line' id='line_1_36' title="bbox 238 4769 1783 4852; baseline 0.002 -18"><span class='ocrx_word' id='word_1_362' title='bbox 238 4775 279 4835; x_wconf 91' lang='lat' dir='ltr'>de</span> <span class='ocrx_word' id='word_1_363' title='bbox 303 4774 393 4834; x_wconf 91' lang='lat' dir='ltr'>nullo</span> <span class='ocrx_word' id='word_1_364' title='bbox 418 4775 483 4834; x_wconf 89' lang='lat' dir='ltr'>alio</span> <span class='ocrx_word' id='word_1_365' title='bbox 509 4775 710 4846; x_wconf 89' lang='lat' dir='ltr'>acceperunt</span> <span class='ocrx_word' id='word_1_366' title='bbox 726 4771 813 4847; x_wconf 87' lang='lat' dir='ltr'>quod</span> <span class='ocrx_word' id='word_1_367' title='bbox 838 4769 1002 4846; x_wconf 88' lang='lat' dir='ltr'>dixerunt,</span> <span class='ocrx_word' id='word_1_368' title='bbox 1021 4772 1178 4848; x_wconf 88' lang='lat' dir='ltr'>quamde</span> <span class='ocrx_word' id='word_1_369' title='bbox 1196 4774 1252 4832; x_wconf 94' lang='lat' dir='ltr'>illo</span> <span class='ocrx_word' id='word_1_370' title='bbox 1271 4775 1328 4850; x_wconf 89' lang='lat' dir='ltr'>qui</span> <span class='ocrx_word' id='word_1_371' title='bbox 1353 4778 1444 4836; x_wconf 90' lang='lat' dir='ltr'>totus</span> <span class='ocrx_word' id='word_1_372' title='bbox 1463 4776 1591 4852; x_wconf 89' lang='lat' dir='ltr'>integer</span> <span class='ocrx_word' id='word_1_373' title='bbox 1614 4774 1703 4836; x_wconf 88' lang='lat' dir='ltr'>Deus</span> <span class='ocrx_word' id='word_1_374' title='bbox 1719 4781 1783 4838; x_wconf 86' lang='lat' dir='ltr'>est.</span> 
     </span>
     <span class='ocr_line' id='line_1_37' title="bbox 237 4875 1784 4956; baseline 0.001 -18"><span class='ocrx_word' id='word_1_375' title='bbox 237 4880 278 4938; x_wconf 84' lang='lat' dir='ltr'>Et</span> <span class='ocrx_word' id='word_1_376' title='bbox 294 4879 357 4940; x_wconf 91' lang='lat' dir='ltr'>hoc</span> <span class='ocrx_word' id='word_1_377' title='bbox 373 4878 470 4938; x_wconf 91' lang='lat' dir='ltr'>modo</span> <span class='ocrx_word' id='word_1_378' title='bbox 488 4876 611 4952; x_wconf 90' lang='lat' dir='ltr'>lapidei</span> <span class='ocrx_word' id='word_1_379' title='bbox 628 4881 735 4948; x_wconf 88' lang='lat' dir='ltr'>erant,</span> <span class='ocrx_word' id='word_1_380' title='bbox 754 4875 832 4951; x_wconf 86' lang='lat' dir='ltr'>quia</span> <span class='ocrx_word' id='word_1_381' title='bbox 851 4875 883 4933; x_wconf 92' lang='lat' dir='ltr'>in</span> <span class='ocrx_word' id='word_1_382' title='bbox 900 4875 1011 4950; x_wconf 90' lang='lat' dir='ltr'>rigore</span> <span class='ocrx_word' id='word_1_383' title='bbox 1029 4891 1089 4934; x_wconf 89' lang='lat' dir='ltr'>sno</span> <span class='ocrx_word' id='word_1_384' title='bbox 1102 4876 1332 4951; x_wconf 89' lang='lat' dir='ltr'>perstiterunt,</span> <span class='ocrx_word' id='word_1_385' title='bbox 1351 4894 1412 4937; x_wconf 89' lang='lat' dir='ltr'>nec</span> <span class='ocrx_word' id='word_1_386' title='bbox 1429 4877 1488 4936; x_wconf 91' lang='lat' dir='ltr'>nlli</span> <span class='ocrx_word' id='word_1_387' title='bbox 1502 4877 1675 4938; x_wconf 88' lang='lat' dir='ltr'>cedebant:</span> <span class='ocrx_word' id='word_1_388' title='bbox 1694 4878 1784 4956; x_wconf 90' lang='lat' dir='ltr'>quod</span> 
     </span>
     <span class='ocr_line' id='line_1_38' title="bbox 236 4978 1783 5060; baseline 0.001 -17"><span class='ocrx_word' id='word_1_389' title='bbox 236 4988 347 5046; x_wconf 85' lang='lat' dir='ltr'>tamen</span> <span class='ocrx_word' id='word_1_390' title='bbox 372 4983 405 5042; x_wconf 91' lang='lat' dir='ltr'>in</span> <span class='ocrx_word' id='word_1_391' title='bbox 422 4981 567 5042; x_wconf 88' lang='lat' dir='ltr'>candore</span> <span class='ocrx_word' id='word_1_392' title='bbox 590 4979 818 5053; x_wconf 87' lang='lat' dir='ltr'>simplicitatis</span> <span class='ocrx_word' id='word_1_393' title='bbox 844 4978 1020 5053; x_wconf 85' lang='lat' dir='ltr'>iaciebant,</span> <span class='ocrx_word' id='word_1_394' title='bbox 1047 4980 1203 5055; x_wconf 90' lang='lat' dir='ltr'>quoniam</span> <span class='ocrx_word' id='word_1_395' title='bbox 1221 4979 1302 5039; x_wconf 91' lang='lat' dir='ltr'>nihil</span> <span class='ocrx_word' id='word_1_396' title='bbox 1320 4981 1411 5040; x_wconf 91' lang='lat' dir='ltr'>aliud</span> <span class='ocrx_word' id='word_1_397' title='bbox 1436 4982 1658 5058; x_wconf 87' lang='lat' dir='ltr'>loquebantur</span> <span class='ocrx_word' id='word_1_398' title='bbox 1682 4998 1783 5060; x_wconf 84' lang='lat' dir='ltr'>quam</span> 
     </span>
    </p>
   </div>
   <div class='ocr_carea' id='block_1_11' title="bbox 275 5144 1424 5217">
    <p class='ocr_par' dir='ltr' id='par_1_11' title="bbox 275 5144 1424 5217">
     <span class='ocr_line' id='line_1_39' title="bbox 275 5144 1424 5217; baseline -0.002 -13"><span class='ocrx_word' id='word_1_399' title='bbox 275 5147 294 5216; x_wconf 78' lang='grc' dir='ltr'>Ι)</span> <span class='ocrx_word' id='word_1_400' title='bbox 308 5149 426 5204; x_wconf 80' lang='lat' dir='ltr'>immines</span> <span class='ocrx_word' id='word_1_401' title='bbox 441 5145 476 5202; x_wconf 89' lang='lat' dir='ltr'>W</span> <span class='ocrx_word' id='word_1_402' title='bbox 489 5161 582 5200; x_wconf 84' lang='lat' dir='ltr'>errore</span> <span class='ocrx_word' id='word_1_403' title='bbox 596 5144 745 5216; x_wconf 88' lang='lat' dir='ltr'>stupendo,</span> <span class='ocrx_word' id='word_1_404' title='bbox 760 5160 810 5215; x_wconf 93' lang='lat' dir='ltr'>pro</span> <span class='ocrx_word' id='word_1_405' title='bbox 824 5144 908 5200; x_wconf 89' lang='lat' dir='ltr'>solita</span> <span class='ocrx_word' id='word_1_406' title='bbox 922 5145 1085 5216; x_wconf 77' lang='lat' dir='ltr'>plerumque</span> <span class='ocrx_word' id='word_1_407' title='bbox 1099 5145 1246 5217; x_wconf 88' lang='lat' dir='ltr'>scriptoris</span> <span class='ocrx_word' id='word_1_408' title='bbox 1259 5145 1424 5216; x_wconf 82' lang='lat' dir='ltr'>diligentia.</span> 
     </span>
    </p>
   </div>
   <div class='ocr_carea' id='block_1_12' title="bbox 0 0 2000 6092">
    <p class='ocr_par' dir='ltr' id='par_1_12' title="bbox 0 0 2000 6092">
     <span class='ocr_line' id='line_1_40' title="bbox 0 0 2000 6092; baseline 0 2"><span class='ocrx_word' id='word_1_409' title='bbox 0 0 2000 6092; x_wconf 95' lang='lat' dir='ltr'> </span> 
     </span>
    </p>
   </div>
  </div>
 </body>
</html>
