<?xml version="1.0" encoding="UTF-8"?>
<!DOCTYPE html PUBLIC "-//W3C//DTD XHTML 1.0 Transitional//EN"
    "http://www.w3.org/TR/xhtml1/DTD/xhtml1-transitional.dtd">
<html xmlns="http://www.w3.org/1999/xhtml" xml:lang="en" lang="en">
 <head>
  <title>
</title>
<meta http-equiv="Content-Type" content="text/html;charset=utf-8" />
  <meta name='ocr-system' content='tesseract 3.04.00' />
  <meta name='ocr-capabilities' content='ocr_page ocr_carea ocr_par ocr_line ocrx_word'/>
</head>
<body>
  <div class='ocr_page' id='page_1' title='image "analectasacrasp04pitrgoog_0124.png"; bbox 0 0 3992 6092; ppageno 0'>
   <div class='ocr_carea' id='block_1_1' title="bbox 673 547 1703 611">
    <p class='ocr_par' dir='ltr' id='par_1_1' title="bbox 673 547 1703 611">
     <span class='ocr_line' id='line_1_1' title="bbox 673 547 1703 611; baseline -0.001 0"><span class='ocrx_word' id='word_1_1' title='bbox 673 563 702 611; x_wconf 90' lang='lat'>11</span> <span class='ocrx_word' id='word_1_2' title='bbox 732 561 854 610; x_wconf 75' lang='lat' dir='ltr'>arsen</span> <span class='ocrx_word' id='word_1_3' title='bbox 884 559 986 610; x_wconf 75' lang='lat' dir='ltr'>trra</span> <span class='ocrx_word' id='word_1_4' title='bbox 1015 560 1251 610; x_wconf 66' lang='lat' dir='ltr'>uanxronulr</span> <span class='ocrx_word' id='word_1_5' title='bbox 1661 547 1703 611; x_wconf 76' lang='grc'>83</span> 
     </span>
    </p>
   </div>
   <div class='ocr_carea' id='block_1_2' title="bbox 179 683 1736 1384">
    <p class='ocr_par' dir='ltr' id='par_1_2' title="bbox 179 683 1736 1384">
     <span class='ocr_line' id='line_1_2' title="bbox 179 683 1736 761; baseline -0.001 -13"><span class='ocrx_word' id='word_1_6' title='bbox 179 685 380 748; x_wconf 77' lang='lat' dir='ltr'>umbraculo</span> <span class='ocrx_word' id='word_1_7' title='bbox 401 683 550 746; x_wconf 80' lang='lat' dir='ltr'>levitatis</span> <span class='ocrx_word' id='word_1_8' title='bbox 567 684 601 744; x_wconf 92' lang='lat' dir='ltr'>in</span> <span class='ocrx_word' id='word_1_9' title='bbox 617 683 742 745; x_wconf 88' lang='lat' dir='ltr'>duritia</span> <span class='ocrx_word' id='word_1_10' title='bbox 761 685 887 761; x_wconf 79' lang='lat' dir='ltr'>alligat.</span> <span class='ocrx_word' id='word_1_11' title='bbox 905 685 952 745; x_wconf 79' lang='lat' dir='ltr'>Ac</span> <span class='ocrx_word' id='word_1_12' title='bbox 972 685 1101 761; x_wconf 88' lang='lat' dir='ltr'>reliquo</span> <span class='ocrx_word' id='word_1_13' title='bbox 1118 698 1257 760; x_wconf 89' lang='lat' dir='ltr'>corpore</span> <span class='ocrx_word' id='word_1_14' title='bbox 1281 683 1462 760; x_wconf 82' lang='lat' dir='ltr'>nigerrimo</span> <span class='ocrx_word' id='word_1_15' title='bbox 1479 683 1672 746; x_wconf 90' lang='lat' dir='ltr'>indumento</span> <span class='ocrx_word' id='word_1_16' title='bbox 1687 686 1736 747; x_wconf 91' lang='lat' dir='ltr'>in·</span> 
     </span>
     <span class='ocr_line' id='line_1_3' title="bbox 179 788 1734 871; baseline -0.001 -21"><span class='ocrx_word' id='word_1_17' title='bbox 179 791 308 864; x_wconf 85' lang='lat' dir='ltr'>duitor,</span> <span class='ocrx_word' id='word_1_18' title='bbox 323 791 403 867; x_wconf 85' lang='lat' dir='ltr'>quia</span> <span class='ocrx_word' id='word_1_19' title='bbox 419 805 570 850; x_wconf 88' lang='lat' dir='ltr'>errorem</span> <span class='ocrx_word' id='word_1_20' title='bbox 586 789 815 865; x_wconf 84' lang='lat' dir='ltr'>nequissimae</span> <span class='ocrx_word' id='word_1_21' title='bbox 831 789 1054 871; x_wconf 71' lang='lat' dir='ltr'><strong>crudelitatis,</strong></span> <span class='ocrx_word' id='word_1_22' title='bbox 1071 805 1136 866; x_wconf 88' lang='lat' dir='ltr'>quo</span> <span class='ocrx_word' id='word_1_23' title='bbox 1150 788 1294 850; x_wconf 83' lang='lat' dir='ltr'>candore</span> <span class='ocrx_word' id='word_1_24' title='bbox 1307 789 1398 848; x_wconf 90' lang='lat' dir='ltr'>vitae</span> <span class='ocrx_word' id='word_1_25' title='bbox 1414 795 1519 864; x_wconf 88' lang='lat' dir='ltr'>caret,</span> <span class='ocrx_word' id='word_1_26' title='bbox 1534 789 1600 848; x_wconf 91' lang='lat' dir='ltr'>sibi</span> <span class='ocrx_word' id='word_1_27' title='bbox 1617 789 1734 849; x_wconf 86' lang='lat' dir='ltr'>induit.</span> 
     </span>
     <span class='ocr_line' id='line_1_4' title="bbox 182 875 1736 968; baseline -0.001 -14"><span class='ocrx_word' id='word_1_28' title='bbox 182 895 244 954; x_wconf 83' lang='lat' dir='ltr'>Cui</span> <span class='ocrx_word' id='word_1_29' title='bbox 260 895 413 954; x_wconf 86' lang='lat' dir='ltr'>manicae</span> <span class='ocrx_word' id='word_1_30' title='bbox 436 908 564 953; x_wconf 78' lang='lat' dir='ltr'>vacuae</span> <span class='ocrx_word' id='word_1_31' title='bbox 587 892 784 968; x_wconf 86' lang='lat' dir='ltr'>dependent,</span> <span class='ocrx_word' id='word_1_32' title='bbox 802 875 1045 968; x_wconf 72' lang='lat' dir='ltr'>quia&#39;bracbia</span> <span class='ocrx_word' id='word_1_33' title='bbox 1062 909 1124 952; x_wconf 88' lang='lat' dir='ltr'>sua</span> <span class='ocrx_word' id='word_1_34' title='bbox 1147 893 1182 952; x_wconf 90' lang='lat' dir='ltr'>in</span> <span class='ocrx_word' id='word_1_35' title='bbox 1197 892 1285 952; x_wconf 91' lang='lat' dir='ltr'>idem</span> <span class='ocrx_word' id='word_1_36' title='bbox 1308 891 1538 950; x_wconf 87' lang='lat' dir='ltr'>indumentum</span> <span class='ocrx_word' id='word_1_37' title='bbox 1553 891 1736 952; x_wconf 76' lang='lat' dir='ltr'><strong>introrsum</strong></span> 
     </span>
     <span class='ocr_line' id='line_1_5' title="bbox 181 993 1736 1076; baseline -0.003 -16"><span class='ocrx_word' id='word_1_38' title='bbox 181 1000 323 1076; x_wconf 58' lang='lat' dir='ltr'>colligit</span> <span class='ocrx_word' id='word_1_39' title='bbox 342 999 430 1076; x_wconf 89' lang='lat' dir='ltr'>quod</span> <span class='ocrx_word' id='word_1_40' title='bbox 448 1005 512 1074; x_wconf 91' lang='lat' dir='ltr'>est,</span> <span class='ocrx_word' id='word_1_41' title='bbox 530 997 618 1075; x_wconf 87' lang='lat' dir='ltr'>quod</span> <span class='ocrx_word' id='word_1_42' title='bbox 636 1013 736 1072; x_wconf 89' lang='lat' dir='ltr'>opera</span> <span class='ocrx_word' id='word_1_43' title='bbox 753 997 825 1072; x_wconf 91' lang='lat' dir='ltr'>ejus</span> <span class='ocrx_word' id='word_1_44' title='bbox 850 998 974 1057; x_wconf 88' lang='lat' dir='ltr'>nullam</span> <span class='ocrx_word' id='word_1_45' title='bbox 1000 996 1184 1072; x_wconf 87' lang='lat' dir='ltr'>perlectam</span> <span class='ocrx_word' id='word_1_46' title='bbox 1207 997 1389 1056; x_wconf 83' lang='lat' dir='ltr'>utilitatem</span> <span class='ocrx_word' id='word_1_47' title='bbox 1410 994 1544 1068; x_wconf 88' lang='lat' dir='ltr'>babent,</span> <span class='ocrx_word' id='word_1_48' title='bbox 1564 993 1623 1055; x_wconf 91' lang='lat' dir='ltr'>sed</span> <span class='ocrx_word' id='word_1_49' title='bbox 1641 993 1736 1055; x_wconf 83' lang='lat' dir='ltr'>lorti-</span> 
     </span>
     <span class='ocr_line' id='line_1_6' title="bbox 181 1099 1731 1178; baseline -0.001 -17"><span class='ocrx_word' id='word_1_50' title='bbox 181 1103 297 1163; x_wconf 86' lang='lat' dir='ltr'>todine</span> <span class='ocrx_word' id='word_1_51' title='bbox 314 1119 375 1162; x_wconf 84' lang='lat' dir='ltr'>sua</span> <span class='ocrx_word' id='word_1_52' title='bbox 399 1103 585 1174; x_wconf 88' lang='lat' dir='ltr'>subtracta,</span> <span class='ocrx_word' id='word_1_53' title='bbox 603 1103 687 1162; x_wconf 92' lang='lat' dir='ltr'>nulli</span> <span class='ocrx_word' id='word_1_54' title='bbox 711 1102 884 1162; x_wconf 91' lang='lat' dir='ltr'>hominum</span> <span class='ocrx_word' id='word_1_55' title='bbox 901 1103 934 1162; x_wconf 93' lang='lat' dir='ltr'>in</span> <span class='ocrx_word' id='word_1_56' title='bbox 953 1103 1040 1163; x_wconf 94' lang='lat' dir='ltr'>bono</span> <span class='ocrx_word' id='word_1_57' title='bbox 1066 1108 1239 1178; x_wconf 83' lang='lat' dir='ltr'>apparent,</span> <span class='ocrx_word' id='word_1_58' title='bbox 1258 1101 1346 1160; x_wconf 92' lang='lat' dir='ltr'>siout</span> <span class='ocrx_word' id='word_1_59' title='bbox 1366 1101 1470 1160; x_wconf 88' lang='lat' dir='ltr'>etiam</span> <span class='ocrx_word' id='word_1_60' title='bbox 1494 1099 1582 1160; x_wconf 90' lang='lat' dir='ltr'>idem</span> <span class='ocrx_word' id='word_1_61' title='bbox 1598 1100 1731 1174; x_wconf 89' lang='lat' dir='ltr'>vitium,</span> 
     </span>
     <span class='ocr_line' id='line_1_7' title="bbox 184 1201 1736 1280; baseline -0.003 -14"><span class='ocrx_word' id='word_1_62' title='bbox 184 1212 222 1266; x_wconf 91' lang='lat' dir='ltr'>ut</span> <span class='ocrx_word' id='word_1_63' title='bbox 237 1205 469 1280; x_wconf 88' lang='lat' dir='ltr'>supradictum</span> <span class='ocrx_word' id='word_1_64' title='bbox 486 1212 549 1280; x_wconf 91' lang='lat' dir='ltr'>est,</span> <span class='ocrx_word' id='word_1_65' title='bbox 567 1207 601 1264; x_wconf 86' lang='lat' dir='ltr'>in</span> <span class='ocrx_word' id='word_1_66' title='bbox 617 1205 731 1265; x_wconf 91' lang='lat' dir='ltr'>verbis</span> <span class='ocrx_word' id='word_1_67' title='bbox 748 1207 819 1266; x_wconf 87' lang='lat' dir='ltr'>suis</span> <span class='ocrx_word' id='word_1_68' title='bbox 836 1206 995 1266; x_wconf 88' lang='lat' dir='ltr'>declarat.</span> <span class='ocrx_word' id='word_1_69' title='bbox 1011 1205 1070 1268; x_wconf 90' lang='lat' dir='ltr'>Cui</span> <span class='ocrx_word' id='word_1_70' title='bbox 1084 1208 1192 1266; x_wconf 90' lang='lat' dir='ltr'>virtus</span> <span class='ocrx_word' id='word_1_71' title='bbox 1209 1204 1345 1280; x_wconf 89' lang='lat' dir='ltr'>pietatis</span> <span class='ocrx_word' id='word_1_72' title='bbox 1364 1201 1551 1278; x_wconf 82' lang='lat' dir='ltr'>respondet,</span> <span class='ocrx_word' id='word_1_73' title='bbox 1566 1209 1600 1263; x_wconf 88' lang='lat' dir='ltr'>et</span> <span class='ocrx_word' id='word_1_74' title='bbox 1612 1217 1686 1263; x_wconf 90' lang='lat' dir='ltr'>eam</span> <span class='ocrx_word' id='word_1_75' title='bbox 1704 1203 1736 1262; x_wconf 92' lang='lat' dir='ltr'>in</span> 
     </span>
     <span class='ocr_line' id='line_1_8' title="bbox 182 1308 988 1384; baseline 0.005 -16"><span class='ocrx_word' id='word_1_76' title='bbox 182 1310 355 1384; x_wconf 86' lang='lat' dir='ltr'>perpetuis</span> <span class='ocrx_word' id='word_1_77' title='bbox 370 1308 661 1369; x_wconf 86' lang='lat' dir='ltr'>maledictionibus</span> <span class='ocrx_word' id='word_1_78' title='bbox 677 1323 751 1370; x_wconf 87' lang='lat' dir='ltr'>esse</span> <span class='ocrx_word' id='word_1_79' title='bbox 768 1310 988 1372; x_wconf 87' lang='lat' dir='ltr'>demonstrat.</span> 
     </span>
    </p>
   </div>
   <div class='ocr_carea' id='block_1_3' title="bbox 918 1520 1006 1579">
    <p class='ocr_par' dir='ltr' id='par_1_3' title="bbox 918 1520 1006 1579">
     <span class='ocr_line' id='line_1_9' title="bbox 918 1520 1006 1579; baseline 0 0"><span class='ocrx_word' id='word_1_80' title='bbox 918 1520 1006 1579; x_wconf 84' lang='lat' dir='ltr'>va.</span> 
     </span>
    </p>
   </div>
   <div class='ocr_carea' id='block_1_4' title="bbox 846 1728 1080 1790">
    <p class='ocr_par' dir='ltr' id='par_1_4' title="bbox 846 1728 1080 1790">
     <span class='ocr_line' id='line_1_10' title="bbox 846 1728 1080 1790; baseline -0.004 0"><span class='ocrx_word' id='word_1_81' title='bbox 846 1729 891 1790; x_wconf 86' lang='lat' dir='ltr'>De</span> <span class='ocrx_word' id='word_1_82' title='bbox 922 1728 1080 1790; x_wconf 81' lang='lat' dir='ltr'>Fallacia.</span> 
     </span>
    </p>
   </div>
   <div class='ocr_carea' id='block_1_5' title="bbox 185 1913 1741 3472">
    <p class='ocr_par' dir='ltr' id='par_1_5' title="bbox 185 1913 1741 3472">
     <span class='ocr_line' id='line_1_11' title="bbox 234 1913 1739 2015; baseline -0.001 -15"><span class='ocrx_word' id='word_1_83' title='bbox 234 1939 287 2000; x_wconf 77' lang='lat' dir='ltr'>ol.</span> <span class='ocrx_word' id='word_1_84' title='bbox 313 1938 376 1998; x_wconf 89' lang='lat' dir='ltr'>Sed</span> <span class='ocrx_word' id='word_1_85' title='bbox 394 1944 514 2015; x_wconf 85' lang='lat' dir='ltr'>quarta</span> <span class='ocrx_word' id='word_1_86' title='bbox 531 1939 640 2013; x_wconf 77' lang='lat' dir='ltr'>imago</span> <span class='ocrx_word' id='word_1_87' title='bbox 661 1937 827 1998; x_wconf 81' lang='lat' dir='ltr'>fallaciam</span> <span class='ocrx_word' id='word_1_88' title='bbox 853 1937 1029 2014; x_wconf 82' lang='lat' dir='ltr'>significat,</span> <span class='ocrx_word' id='word_1_89' title='bbox 1048 1953 1134 2014; x_wconf 85' lang='lat' dir='ltr'>quae</span> <span class='ocrx_word' id='word_1_90' title='bbox 1155 1937 1209 1998; x_wconf 91' lang='lat' dir='ltr'>bic</span> <span class='ocrx_word' id='word_1_91' title='bbox 1227 1938 1432 2013; x_wconf 84' lang='lat' dir='ltr'>impietatem</span> <span class='ocrx_word' id='word_1_92' title='bbox 1449 1939 1640 2012; x_wconf 70' lang='lat' dir='ltr'>comitatum</span> <span class='ocrx_word' id='word_1_93' title='bbox 1659 1913 1739 2014; x_wconf 63' lang='lat' dir='ltr'>quo</span> 
     </span>
     <span class='ocr_line' id='line_1_12' title="bbox 187 2041 1735 2118; baseline -0.001 -15"><span class='ocrx_word' id='word_1_94' title='bbox 187 2043 278 2104; x_wconf 84' lang='lat' dir='ltr'>niam</span> <span class='ocrx_word' id='word_1_95' title='bbox 303 2057 379 2103; x_wconf 89' lang='lat' dir='ltr'>oum</span> <span class='ocrx_word' id='word_1_96' title='bbox 404 2042 503 2102; x_wconf 91' lang='lat' dir='ltr'>homo</span> <span class='ocrx_word' id='word_1_97' title='bbox 529 2042 651 2117; x_wconf 90' lang='lat' dir='ltr'>impius</span> <span class='ocrx_word' id='word_1_98' title='bbox 675 2048 738 2116; x_wconf 88' lang='lat' dir='ltr'>est,</span> <span class='ocrx_word' id='word_1_99' title='bbox 765 2041 806 2101; x_wconf 88' lang='lat' dir='ltr'>ad</span> <span class='ocrx_word' id='word_1_100' title='bbox 832 2041 999 2102; x_wconf 86' lang='lat' dir='ltr'>fallaciam</span> <span class='ocrx_word' id='word_1_101' title='bbox 1024 2042 1164 2116; x_wconf 86' lang='lat' dir='ltr'>accedit,</span> <span class='ocrx_word' id='word_1_102' title='bbox 1190 2045 1224 2102; x_wconf 92' lang='lat' dir='ltr'>et</span> <span class='ocrx_word' id='word_1_103' title='bbox 1241 2042 1502 2118; x_wconf 83' lang='lat' dir='ltr'>unumquodque</span> <span class='ocrx_word' id='word_1_104' title='bbox 1526 2042 1735 2102; x_wconf 88' lang='lat' dir='ltr'>mendacium</span> 
     </span>
     <span class='ocr_line' id='line_1_13' title="bbox 185 2144 1734 2222; baseline -0.001 -16"><span class='ocrx_word' id='word_1_105' title='bbox 185 2144 335 2206; x_wconf 89' lang='lat' dir='ltr'>studiose</span> <span class='ocrx_word' id='word_1_106' title='bbox 352 2145 516 2220; x_wconf 80' lang='lat' dir='ltr'>aedificat,</span> <span class='ocrx_word' id='word_1_107' title='bbox 538 2146 680 2206; x_wconf 87' lang='lat' dir='ltr'>veritate</span> <span class='ocrx_word' id='word_1_108' title='bbox 697 2146 837 2222; x_wconf 87' lang='lat' dir='ltr'>abjecta.</span> <span class='ocrx_word' id='word_1_109' title='bbox 856 2146 946 2217; x_wconf 88' lang='lat' dir='ltr'>Quae</span> <span class='ocrx_word' id='word_1_110' title='bbox 963 2151 1057 2205; x_wconf 88' lang='lat' dir='ltr'>tanta</span> <span class='ocrx_word' id='word_1_111' title='bbox 1073 2146 1239 2206; x_wconf 88' lang='lat' dir='ltr'>densitate</span> <span class='ocrx_word' id='word_1_112' title='bbox 1257 2145 1468 2205; x_wconf 86' lang='lat' dir='ltr'>tenebrarum</span> <span class='ocrx_word' id='word_1_113' title='bbox 1494 2145 1734 2220; x_wconf 91' lang='lat' dir='ltr'>circumdatur,</span> 
     </span>
     <span class='ocr_line' id='line_1_14' title="bbox 189 2247 1739 2326; baseline 0.001 -18"><span class='ocrx_word' id='word_1_114' title='bbox 189 2247 279 2324; x_wconf 86' lang='lat' dir='ltr'>quod</span> <span class='ocrx_word' id='word_1_115' title='bbox 295 2248 423 2309; x_wconf 84' lang='lat' dir='ltr'>nullam</span> <span class='ocrx_word' id='word_1_116' title='bbox 438 2247 686 2309; x_wconf 85' lang='lat' dir='ltr'>distinctionem</span> <span class='ocrx_word' id='word_1_117' title='bbox 703 2250 929 2310; x_wconf 90' lang='lat' dir='ltr'>membrorum</span> <span class='ocrx_word' id='word_1_118' title='bbox 947 2250 979 2310; x_wconf 92' lang='lat' dir='ltr'>in</span> <span class='ocrx_word' id='word_1_119' title='bbox 996 2265 1035 2308; x_wconf 89' lang='lat' dir='ltr'>ea</span> <span class='ocrx_word' id='word_1_120' title='bbox 1052 2249 1267 2309; x_wconf 85' lang='lat' dir='ltr'>considerare</span> <span class='ocrx_word' id='word_1_121' title='bbox 1284 2249 1387 2323; x_wconf 87' lang='lat' dir='ltr'>vales,</span> <span class='ocrx_word' id='word_1_122' title='bbox 1405 2250 1485 2326; x_wconf 89' lang='lat' dir='ltr'>qula</span> <span class='ocrx_word' id='word_1_123' title='bbox 1501 2250 1688 2310; x_wconf 87' lang='lat' dir='ltr'>incrassata</span> <span class='ocrx_word' id='word_1_124' title='bbox 1706 2251 1739 2310; x_wconf 95' lang='lat' dir='ltr'>in</span> 
     </span>
     <span class='ocr_line' id='line_1_15' title="bbox 186 2349 1735 2428; baseline -0.001 -17"><span class='ocrx_word' id='word_1_125' title='bbox 186 2349 383 2412; x_wconf 84' lang='lat' dir='ltr'>infidelitate</span> <span class='ocrx_word' id='word_1_126' title='bbox 407 2355 470 2426; x_wconf 89' lang='lat' dir='ltr'>est,</span> <span class='ocrx_word' id='word_1_127' title='bbox 495 2367 557 2411; x_wconf 92' lang='lat' dir='ltr'>neo</span> <span class='ocrx_word' id='word_1_128' title='bbox 580 2352 684 2412; x_wconf 87' lang='lat' dir='ltr'>ullam</span> <span class='ocrx_word' id='word_1_129' title='bbox 709 2352 944 2412; x_wconf 87' lang='lat' dir='ltr'>rectitudinem</span> <span class='ocrx_word' id='word_1_130' title='bbox 968 2353 1133 2412; x_wconf 90' lang='lat' dir='ltr'>bonorum</span> <span class='ocrx_word' id='word_1_131' title='bbox 1156 2367 1296 2428; x_wconf 91' lang='lat' dir='ltr'>operum</span> <span class='ocrx_word' id='word_1_132' title='bbox 1320 2353 1354 2412; x_wconf 93' lang='lat' dir='ltr'>in</span> <span class='ocrx_word' id='word_1_133' title='bbox 1379 2365 1414 2411; x_wconf 91' lang='lat' dir='ltr'>se</span> <span class='ocrx_word' id='word_1_134' title='bbox 1439 2351 1551 2428; x_wconf 87' lang='lat' dir='ltr'>habet,</span> <span class='ocrx_word' id='word_1_135' title='bbox 1577 2351 1735 2428; x_wconf 87' lang='lat' dir='ltr'>quoniam</span> 
     </span>
     <span class='ocr_line' id='line_1_16' title="bbox 188 2455 1736 2532; baseline 0 -16"><span class='ocrx_word' id='word_1_136' title='bbox 188 2455 280 2516; x_wconf 83' lang='lat' dir='ltr'>nulla</span> <span class='ocrx_word' id='word_1_137' title='bbox 296 2455 449 2532; x_wconf 85' lang='lat' dir='ltr'>probitas</span> <span class='ocrx_word' id='word_1_138' title='bbox 473 2456 507 2515; x_wconf 92' lang='lat' dir='ltr'>in</span> <span class='ocrx_word' id='word_1_139' title='bbox 523 2471 562 2515; x_wconf 88' lang='lat' dir='ltr'>ea</span> <span class='ocrx_word' id='word_1_140' title='bbox 580 2457 759 2532; x_wconf 89' lang='lat' dir='ltr'>invenitur,</span> <span class='ocrx_word' id='word_1_141' title='bbox 785 2457 841 2516; x_wconf 90' lang='lat' dir='ltr'>sed</span> <span class='ocrx_word' id='word_1_142' title='bbox 860 2457 1069 2517; x_wconf 87' lang='lat' dir='ltr'>solummodo</span> <span class='ocrx_word' id='word_1_143' title='bbox 1093 2457 1250 2516; x_wconf 83' lang='lat' dir='ltr'>tenebrae</span> <span class='ocrx_word' id='word_1_144' title='bbox 1268 2457 1385 2516; x_wconf 89' lang='lat' dir='ltr'>mortis</span> <span class='ocrx_word' id='word_1_145' title='bbox 1408 2457 1532 2532; x_wconf 87' lang='lat' dir='ltr'>in-ipsa</span> <span class='ocrx_word' id='word_1_146' title='bbox 1556 2455 1736 2516; x_wconf 85' lang='lat' dir='ltr'>abundant.</span> 
     </span>
     <span class='ocr_line' id='line_1_17' title="bbox 186 2559 1737 2650; baseline -0.001 -30"><span class='ocrx_word' id='word_1_147' title='bbox 186 2559 280 2632; x_wconf 86' lang='lat' dir='ltr'>Quod</span> <span class='ocrx_word' id='word_1_148' title='bbox 298 2566 502 2621; x_wconf 88' lang='lat' dir='ltr'>autemeam</span> <span class='ocrx_word' id='word_1_149' title='bbox 517 2562 610 2622; x_wconf 90' lang='lat' dir='ltr'>velut</span> <span class='ocrx_word' id='word_1_150' title='bbox 634 2561 817 2621; x_wconf 81' lang='lat' dir='ltr'>deformem</span> <span class='ocrx_word' id='word_1_151' title='bbox 834 2567 867 2621; x_wconf 92' lang='lat' dir='ltr'>et</span> <span class='ocrx_word' id='word_1_152' title='bbox 891 2567 1140 2622; x_wconf 89' lang='lat' dir='ltr'>monstruosam</span> <span class='ocrx_word' id='word_1_153' title='bbox 1166 2561 1307 2621; x_wconf 86' lang='lat' dir='ltr'>formam</span> <span class='ocrx_word' id='word_1_154' title='bbox 1324 2560 1468 2650; x_wconf 74' lang='lat' dir='ltr'>hominis</span> <span class='ocrx_word' id='word_1_155' title='bbox 1494 2561 1528 2620; x_wconf 90' lang='lat' dir='ltr'>in</span> <span class='ocrx_word' id='word_1_156' title='bbox 1543 2559 1671 2620; x_wconf 88' lang='lat' dir='ltr'>eisdem</span> <span class='ocrx_word' id='word_1_157' title='bbox 1688 2565 1737 2619; x_wconf 79' lang='lat' dir='ltr'>te·</span> 
     </span>
     <span class='ocr_line' id='line_1_18' title="bbox 187 2663 1739 2742; baseline -0.001 -18"><span class='ocrx_word' id='word_1_158' title='bbox 187 2664 301 2726; x_wconf 80' lang='lat' dir='ltr'>nebris</span> <span class='ocrx_word' id='word_1_159' title='bbox 317 2667 373 2726; x_wconf 85' lang='lat' dir='ltr'>vix</span> <span class='ocrx_word' id='word_1_160' title='bbox 388 2666 584 2741; x_wconf 80' lang='lat' dir='ltr'>dignoscere</span> <span class='ocrx_word' id='word_1_161' title='bbox 601 2671 708 2741; x_wconf 89' lang='lat' dir='ltr'>potes,</span> <span class='ocrx_word' id='word_1_162' title='bbox 736 2667 798 2726; x_wconf 92' lang='lat' dir='ltr'>boc</span> <span class='ocrx_word' id='word_1_163' title='bbox 823 2666 980 2742; x_wconf 85' lang='lat' dir='ltr'>estquod</span> <span class='ocrx_word' id='word_1_164' title='bbox 1005 2665 1253 2741; x_wconf 86' lang='lat' dir='ltr'>pulchritudine</span> <span class='ocrx_word' id='word_1_165' title='bbox 1276 2666 1431 2726; x_wconf 89' lang='lat' dir='ltr'>veritatis</span> <span class='ocrx_word' id='word_1_166' title='bbox 1455 2670 1490 2724; x_wconf 91' lang='lat' dir='ltr'>et</span> <span class='ocrx_word' id='word_1_167' title='bbox 1505 2665 1625 2724; x_wconf 92' lang='lat' dir='ltr'>decore</span> <span class='ocrx_word' id='word_1_168' title='bbox 1640 2663 1739 2740; x_wconf 90' lang='lat' dir='ltr'>justi-</span> 
     </span>
     <span class='ocr_line' id='line_1_19' title="bbox 188 2769 1738 2848; baseline -0.001 -17"><span class='ocrx_word' id='word_1_169' title='bbox 188 2772 255 2832; x_wconf 88' lang='lat' dir='ltr'>tiae</span> <span class='ocrx_word' id='word_1_170' title='bbox 272 2772 306 2832; x_wconf 85' lang='lat' dir='ltr'>in</span> <span class='ocrx_word' id='word_1_171' title='bbox 330 2773 486 2832; x_wconf 89' lang='lat' dir='ltr'>omnibus</span> <span class='ocrx_word' id='word_1_172' title='bbox 502 2774 616 2834; x_wconf 88' lang='lat' dir='ltr'>verbis</span> <span class='ocrx_word' id='word_1_173' title='bbox 641 2775 724 2834; x_wconf 92' lang='lat' dir='ltr'>etin</span> <span class='ocrx_word' id='word_1_174' title='bbox 749 2776 904 2834; x_wconf 86' lang='lat' dir='ltr'>omnibus</span> <span class='ocrx_word' id='word_1_175' title='bbox 929 2774 1060 2833; x_wconf 87' lang='lat' dir='ltr'>actibus</span> <span class='ocrx_word' id='word_1_176' title='bbox 1078 2775 1149 2834; x_wconf 91' lang='lat' dir='ltr'>suis</span> <span class='ocrx_word' id='word_1_177' title='bbox 1170 2789 1299 2847; x_wconf 88' lang='lat' dir='ltr'>carens,</span> <span class='ocrx_word' id='word_1_178' title='bbox 1319 2773 1352 2833; x_wconf 92' lang='lat' dir='ltr'>in</span> <span class='ocrx_word' id='word_1_179' title='bbox 1368 2772 1460 2832; x_wconf 89' lang='lat' dir='ltr'>nulla</span> <span class='ocrx_word' id='word_1_180' title='bbox 1481 2771 1660 2848; x_wconf 86' lang='lat' dir='ltr'>probitate,</span> <span class='ocrx_word' id='word_1_181' title='bbox 1679 2769 1738 2830; x_wconf 89' lang='lat' dir='ltr'>sed</span> 
     </span>
     <span class='ocr_line' id='line_1_20' title="bbox 187 2870 1736 2954; baseline -0.003 -18"><span class='ocrx_word' id='word_1_182' title='bbox 187 2879 318 2936; x_wconf 75' lang='lat' dir='ltr'>unium</span> <span class='ocrx_word' id='word_1_183' title='bbox 336 2876 369 2934; x_wconf 94' lang='lat' dir='ltr'>in</span> <span class='ocrx_word' id='word_1_184' title='bbox 391 2870 540 2936; x_wconf 86' lang='lat' dir='ltr'>tenebris</span> <span class='ocrx_word' id='word_1_185' title='bbox 565 2878 684 2937; x_wconf 90' lang='lat' dir='ltr'>mortis</span> <span class='ocrx_word' id='word_1_186' title='bbox 701 2877 836 2952; x_wconf 89' lang='lat' dir='ltr'>incedit;</span> <span class='ocrx_word' id='word_1_187' title='bbox 862 2877 909 2937; x_wconf 89' lang='lat' dir='ltr'>ita</span> <span class='ocrx_word' id='word_1_188' title='bbox 925 2877 1014 2954; x_wconf 88' lang='lat' dir='ltr'>quod</span> <span class='ocrx_word' id='word_1_189' title='bbox 1031 2893 1118 2937; x_wconf 92' lang='lat' dir='ltr'>nunc</span> <span class='ocrx_word' id='word_1_190' title='bbox 1142 2883 1245 2950; x_wconf 87' lang='lat' dir='ltr'>certa,</span> <span class='ocrx_word' id='word_1_191' title='bbox 1263 2891 1350 2935; x_wconf 92' lang='lat' dir='ltr'>nunc</span> <span class='ocrx_word' id='word_1_192' title='bbox 1375 2877 1502 2935; x_wconf 90' lang='lat' dir='ltr'>incerta</span> <span class='ocrx_word' id='word_1_193' title='bbox 1525 2874 1556 2933; x_wconf 95' lang='lat' dir='ltr'>in</span> <span class='ocrx_word' id='word_1_194' title='bbox 1581 2873 1647 2933; x_wconf 90' lang='lat' dir='ltr'>viis</span> <span class='ocrx_word' id='word_1_195' title='bbox 1665 2873 1736 2932; x_wconf 90' lang='lat' dir='ltr'>suis</span> 
     </span>
     <span class='ocr_line' id='line_1_21' title="bbox 186 2976 1738 3059; baseline -0.003 -19"><span class='ocrx_word' id='word_1_196' title='bbox 186 2978 300 3054; x_wconf 86' lang='lat' dir='ltr'>babet,</span> <span class='ocrx_word' id='word_1_197' title='bbox 317 2981 398 3056; x_wconf 87' lang='lat' dir='ltr'>quia</span> <span class='ocrx_word' id='word_1_198' title='bbox 414 2981 588 3056; x_wconf 80' lang='lat' dir='ltr'>diligentia</span> <span class='ocrx_word' id='word_1_199' title='bbox 604 2982 769 3057; x_wconf 86' lang='lat' dir='ltr'>caritatis,</span> <span class='ocrx_word' id='word_1_200' title='bbox 789 2982 822 3041; x_wconf 90' lang='lat' dir='ltr'>in</span> <span class='ocrx_word' id='word_1_201' title='bbox 838 2999 904 3059; x_wconf 84' lang='lat' dir='ltr'>qua</span> <span class='ocrx_word' id='word_1_202' title='bbox 920 2981 1008 3040; x_wconf 90' lang='lat' dir='ltr'>Deus</span> <span class='ocrx_word' id='word_1_203' title='bbox 1026 2982 1200 3056; x_wconf 87' lang='lat' dir='ltr'>aspicitur,</span> <span class='ocrx_word' id='word_1_204' title='bbox 1220 2981 1253 3040; x_wconf 92' lang='lat' dir='ltr'>in</span> <span class='ocrx_word' id='word_1_205' title='bbox 1269 2995 1309 3040; x_wconf 88' lang='lat' dir='ltr'>ea</span> <span class='ocrx_word' id='word_1_206' title='bbox 1326 2995 1390 3040; x_wconf 93' lang='lat' dir='ltr'>non</span> <span class='ocrx_word' id='word_1_207' title='bbox 1415 2979 1595 3053; x_wconf 90' lang='lat' dir='ltr'>invenitur,</span> <span class='ocrx_word' id='word_1_208' title='bbox 1614 2976 1672 3037; x_wconf 94' lang='lat' dir='ltr'>sed</span> <span class='ocrx_word' id='word_1_209' title='bbox 1690 2977 1738 3036; x_wconf 90' lang='lat' dir='ltr'>in-</span> 
     </span>
     <span class='ocr_line' id='line_1_22' title="bbox 188 3081 1740 3162; baseline -0.002 -19"><span class='ocrx_word' id='word_1_210' title='bbox 188 3083 363 3144; x_wconf 73' lang='lat' dir='ltr'>fructuosa</span> <span class='ocrx_word' id='word_1_211' title='bbox 387 3090 421 3144; x_wconf 90' lang='lat' dir='ltr'>et</span> <span class='ocrx_word' id='word_1_212' title='bbox 439 3084 538 3145; x_wconf 83' lang='lat' dir='ltr'>fallax</span> <span class='ocrx_word' id='word_1_213' title='bbox 566 3083 731 3161; x_wconf 86' lang='lat' dir='ltr'>deceptio,</span> <span class='ocrx_word' id='word_1_214' title='bbox 750 3101 851 3162; x_wconf 88' lang='lat' dir='ltr'>quam</span> <span class='ocrx_word' id='word_1_215' title='bbox 874 3101 933 3160; x_wconf 90' lang='lat' dir='ltr'>per</span> <span class='ocrx_word' id='word_1_216' title='bbox 951 3086 1103 3145; x_wconf 90' lang='lat' dir='ltr'>homines</span> <span class='ocrx_word' id='word_1_217' title='bbox 1121 3086 1153 3144; x_wconf 91' lang='lat' dir='ltr'>in</span> <span class='ocrx_word' id='word_1_218' title='bbox 1170 3085 1360 3145; x_wconf 87' lang='lat' dir='ltr'>bominibus</span> <span class='ocrx_word' id='word_1_219' title='bbox 1385 3082 1522 3144; x_wconf 88' lang='lat' dir='ltr'>assidue</span> <span class='ocrx_word' id='word_1_220' title='bbox 1542 3081 1683 3158; x_wconf 79' lang='lat' dir='ltr'>perficit.</span> <span class='ocrx_word' id='word_1_221' title='bbox 1700 3081 1740 3140; x_wconf 83' lang='lat' dir='ltr'>Et</span> 
     </span>
     <span class='ocr_line' id='line_1_23' title="bbox 186 3186 1739 3265; baseline -0.002 -18"><span class='ocrx_word' id='word_1_222' title='bbox 186 3186 274 3248; x_wconf 78' lang='lat' dir='ltr'>baec</span> <span class='ocrx_word' id='word_1_223' title='bbox 299 3203 402 3264; x_wconf 87' lang='lat' dir='ltr'>super</span> <span class='ocrx_word' id='word_1_224' title='bbox 427 3189 606 3264; x_wconf 88' lang='lat' dir='ltr'>quamdam</span> <span class='ocrx_word' id='word_1_225' title='bbox 631 3205 783 3265; x_wconf 88' lang='lat' dir='ltr'>spumam</span> <span class='ocrx_word' id='word_1_226' title='bbox 809 3191 934 3250; x_wconf 86' lang='lat' dir='ltr'>siccam</span> <span class='ocrx_word' id='word_1_227' title='bbox 958 3195 992 3248; x_wconf 91' lang='lat' dir='ltr'>et</span> <span class='ocrx_word' id='word_1_228' title='bbox 1008 3189 1126 3248; x_wconf 88' lang='lat' dir='ltr'>duram</span> <span class='ocrx_word' id='word_1_229' title='bbox 1151 3205 1190 3248; x_wconf 89' lang='lat' dir='ltr'>ac</span> <span class='ocrx_word' id='word_1_230' title='bbox 1214 3189 1355 3263; x_wconf 80' lang='lat' dir='ltr'>nigram,</span> <span class='ocrx_word' id='word_1_231' title='bbox 1381 3193 1415 3247; x_wconf 91' lang='lat' dir='ltr'>et</span> <span class='ocrx_word' id='word_1_232' title='bbox 1439 3189 1563 3246; x_wconf 90' lang='lat' dir='ltr'>multas</span> <span class='ocrx_word' id='word_1_233' title='bbox 1587 3187 1739 3246; x_wconf 88' lang='lat' dir='ltr'>llammas</span> 
     </span>
     <span class='ocr_line' id='line_1_24' title="bbox 189 3287 1741 3370; baseline -0.003 -18"><span class='ocrx_word' id='word_1_234' title='bbox 189 3292 278 3368; x_wconf 77' lang='lat' dir='ltr'>ignis</span> <span class='ocrx_word' id='word_1_235' title='bbox 292 3293 504 3352; x_wconf 87' lang='lat' dir='ltr'>emittentem</span> <span class='ocrx_word' id='word_1_236' title='bbox 522 3295 600 3367; x_wconf 90' lang='lat' dir='ltr'>stat,</span> <span class='ocrx_word' id='word_1_237' title='bbox 616 3296 774 3370; x_wconf 85' lang='lat' dir='ltr'>quoniam</span> <span class='ocrx_word' id='word_1_238' title='bbox 794 3293 937 3368; x_wconf 89' lang='lat' dir='ltr'>lallacia,</span> <span class='ocrx_word' id='word_1_239' title='bbox 953 3309 1054 3367; x_wconf 86' lang='lat' dir='ltr'>super</span> <span class='ocrx_word' id='word_1_240' title='bbox 1072 3293 1261 3353; x_wconf 86' lang='lat' dir='ltr'>illusionem</span> <span class='ocrx_word' id='word_1_241' title='bbox 1286 3292 1477 3365; x_wconf 89' lang='lat' dir='ltr'>verborum,</span> <span class='ocrx_word' id='word_1_242' title='bbox 1496 3289 1622 3350; x_wconf 91' lang='lat' dir='ltr'>nullam</span> <span class='ocrx_word' id='word_1_243' title='bbox 1647 3287 1741 3348; x_wconf 86' lang='lat' dir='ltr'>forti-</span> 
     </span>
     <span class='ocr_line' id='line_1_25' title="bbox 191 3390 1739 3472; baseline -0.003 -17"><span class='ocrx_word' id='word_1_244' title='bbox 191 3395 342 3457; x_wconf 87' lang='lat' dir='ltr'>tudinem</span> <span class='ocrx_word' id='word_1_245' title='bbox 358 3396 552 3458; x_wconf 87' lang='lat' dir='ltr'>habentium</span> <span class='ocrx_word' id='word_1_246' title='bbox 569 3399 690 3472; x_wconf 88' lang='lat' dir='ltr'>posita,</span> <span class='ocrx_word' id='word_1_247' title='bbox 709 3398 781 3457; x_wconf 90' lang='lat' dir='ltr'>sine</span> <span class='ocrx_word' id='word_1_248' title='bbox 796 3397 967 3458; x_wconf 88' lang='lat' dir='ltr'>viriditate</span> <span class='ocrx_word' id='word_1_249' title='bbox 982 3397 1133 3472; x_wconf 82' lang='lat' dir='ltr'>J&#39;ustitiae</span> <span class='ocrx_word' id='word_1_250' title='bbox 1151 3401 1289 3472; x_wconf 85' lang='lat' dir='ltr'>apparet</span> <span class='ocrx_word' id='word_1_251' title='bbox 1307 3396 1412 3470; x_wconf 86' lang='lat' dir='ltr'>arida,</span> <span class='ocrx_word' id='word_1_252' title='bbox 1430 3401 1464 3453; x_wconf 89' lang='lat' dir='ltr'>et</span> <span class='ocrx_word' id='word_1_253' title='bbox 1482 3390 1560 3454; x_wconf 88' lang='lat' dir='ltr'>sine&#39;</span> <span class='ocrx_word' id='word_1_254' title='bbox 1571 3393 1739 3453; x_wconf 86' lang='lat' dir='ltr'>suavitate</span> 
     </span>
    </p>
   </div>
   <div class='ocr_carea' id='block_1_6' title="bbox 190 3494 1852 3574">
    <p class='ocr_par' dir='ltr' id='par_1_6' title="bbox 190 3494 1852 3574">
     <span class='ocr_line' id='line_1_26' title="bbox 190 3494 1852 3574; baseline -0.005 -16"><span class='ocrx_word' id='word_1_255' title='bbox 190 3497 408 3574; x_wconf 77' lang='lat' dir='ltr'>benignitatis</span> <span class='ocrx_word' id='word_1_256' title='bbox 432 3498 527 3574; x_wconf 83' lang='lat' dir='ltr'>dura,</span> <span class='ocrx_word' id='word_1_257' title='bbox 546 3515 585 3558; x_wconf 87' lang='lat' dir='ltr'>ac</span> <span class='ocrx_word' id='word_1_258' title='bbox 610 3500 681 3559; x_wconf 85' lang='lat' dir='ltr'>sino</span> <span class='ocrx_word' id='word_1_259' title='bbox 699 3499 842 3559; x_wconf 90' lang='lat' dir='ltr'>candore</span> <span class='ocrx_word' id='word_1_260' title='bbox 867 3500 1030 3559; x_wconf 89' lang='lat' dir='ltr'>virtutum</span> <span class='ocrx_word' id='word_1_261' title='bbox 1048 3499 1154 3574; x_wconf 80' lang='lat' dir='ltr'>nigra,</span> <span class='ocrx_word' id='word_1_262' title='bbox 1181 3498 1259 3574; x_wconf 86' lang='lat' dir='ltr'>quia</span> <span class='ocrx_word' id='word_1_263' title='bbox 1276 3497 1309 3556; x_wconf 91' lang='lat' dir='ltr'>in</span> <span class='ocrx_word' id='word_1_264' title='bbox 1326 3512 1365 3556; x_wconf 88' lang='lat' dir='ltr'>ea</span> <span class='ocrx_word' id='word_1_265' title='bbox 1382 3496 1473 3555; x_wconf 88' lang='lat' dir='ltr'>nulla</span> <span class='ocrx_word' id='word_1_266' title='bbox 1491 3494 1656 3554; x_wconf 86' lang='lat' dir='ltr'>serenitas</span> <span class='ocrx_word' id='word_1_267' title='bbox 1673 3495 1737 3565; x_wconf 89' lang='lat' dir='ltr'>est,</span> <span class='ocrx_word' id='word_1_268' title='bbox 1850 3537 1852 3542; x_wconf 92' lang='lat'>.</span> 
     </span>
    </p>
   </div>
   <div class='ocr_carea' id='block_1_7' title="bbox 190 3596 1745 4101">
    <p class='ocr_par' dir='ltr' id='par_1_7' title="bbox 190 3596 1745 4101">
     <span class='ocr_line' id='line_1_27' title="bbox 192 3596 1741 3684; baseline -0.005 -22"><span class='ocrx_word' id='word_1_269' title='bbox 192 3603 253 3662; x_wconf 90' lang='lat' dir='ltr'>sed</span> <span class='ocrx_word' id='word_1_270' title='bbox 271 3603 407 3684; x_wconf 84' lang='lat' dir='ltr'>bamma</span> <span class='ocrx_word' id='word_1_271' title='bbox 431 3601 636 3678; x_wconf 87' lang='lat' dir='ltr'>iracundiae,</span> <span class='ocrx_word' id='word_1_272' title='bbox 655 3619 741 3680; x_wconf 87' lang='lat' dir='ltr'>quae</span> <span class='ocrx_word' id='word_1_273' title='bbox 757 3603 920 3680; x_wconf 88' lang='lat' dir='ltr'>plurimas</span> <span class='ocrx_word' id='word_1_274' title='bbox 939 3603 1079 3678; x_wconf 86' lang='lat' dir='ltr'>injurias</span> <span class='ocrx_word' id='word_1_275' title='bbox 1103 3601 1242 3677; x_wconf 82' lang='lat' dir='ltr'>profert,</span> <span class='ocrx_word' id='word_1_276' title='bbox 1260 3601 1353 3660; x_wconf 91' lang='lat' dir='ltr'>velut</span> <span class='ocrx_word' id='word_1_277' title='bbox 1373 3599 1473 3658; x_wconf 91' lang='lat' dir='ltr'>etiam</span> <span class='ocrx_word' id='word_1_278' title='bbox 1493 3599 1565 3672; x_wconf 90' lang='lat' dir='ltr'>ipsa</span> <span class='ocrx_word' id='word_1_279' title='bbox 1586 3596 1741 3673; x_wconf 86' lang='lat' dir='ltr'>superius</span> 
     </span>
     <span class='ocr_line' id='line_1_28' title="bbox 193 3697 1744 3784; baseline -0.004 -18"><span class='ocrx_word' id='word_1_280' title='bbox 193 3708 227 3766; x_wconf 91' lang='lat' dir='ltr'>in</span> <span class='ocrx_word' id='word_1_281' title='bbox 244 3707 414 3768; x_wconf 89' lang='lat' dir='ltr'>locutione</span> <span class='ocrx_word' id='word_1_282' title='bbox 432 3724 493 3767; x_wconf 89' lang='lat' dir='ltr'>sua</span> <span class='ocrx_word' id='word_1_283' title='bbox 510 3709 666 3770; x_wconf 89' lang='lat' dir='ltr'>ostendit.</span> <span class='ocrx_word' id='word_1_284' title='bbox 685 3708 747 3768; x_wconf 86' lang='lat' dir='ltr'>Sed</span> <span class='ocrx_word' id='word_1_285' title='bbox 764 3723 926 3784; x_wconf 89' lang='lat' dir='ltr'>responso</span> <span class='ocrx_word' id='word_1_286' title='bbox 942 3724 1042 3768; x_wconf 89' lang='lat' dir='ltr'>verae</span> <span class='ocrx_word' id='word_1_287' title='bbox 1059 3697 1214 3766; x_wconf 76' lang='lat' dir='ltr'>veritatis</span> <span class='ocrx_word' id='word_1_288' title='bbox 1232 3705 1468 3780; x_wconf 88' lang='lat' dir='ltr'>compescitur;</span> <span class='ocrx_word' id='word_1_289' title='bbox 1486 3709 1520 3764; x_wconf 90' lang='lat' dir='ltr'>et</span> <span class='ocrx_word' id='word_1_290' title='bbox 1536 3707 1573 3763; x_wconf 91' lang='lat' dir='ltr'>ut</span> <span class='ocrx_word' id='word_1_291' title='bbox 1590 3701 1744 3763; x_wconf 89' lang='lat' dir='ltr'>homines</span> 
     </span>
     <span class='ocr_line' id='line_1_29' title="bbox 192 3805 1745 3890; baseline -0.005 -18"><span class='ocrx_word' id='word_1_292' title='bbox 192 3827 332 3872; x_wconf 86' lang='lat' dir='ltr'>veraces</span> <span class='ocrx_word' id='word_1_293' title='bbox 357 3813 436 3888; x_wconf 89' lang='lat' dir='ltr'>sint,</span> <span class='ocrx_word' id='word_1_294' title='bbox 462 3813 691 3878; x_wconf 89' lang='lat' dir='ltr'>admonentur.</span> <span class='ocrx_word' id='word_1_295' title='bbox 717 3813 799 3873; x_wconf 89' lang='lat' dir='ltr'>Nam</span> <span class='ocrx_word' id='word_1_296' title='bbox 824 3814 881 3890; x_wconf 89' lang='lat' dir='ltr'>qui</span> <span class='ocrx_word' id='word_1_297' title='bbox 906 3812 1078 3872; x_wconf 88' lang='lat' dir='ltr'>mendacia</span> <span class='ocrx_word' id='word_1_298' title='bbox 1095 3809 1250 3887; x_wconf 82' lang='lat' dir='ltr'>diligunt,</span> <span class='ocrx_word' id='word_1_299' title='bbox 1269 3827 1333 3870; x_wconf 92' lang='lat' dir='ltr'>non</span> <span class='ocrx_word' id='word_1_300' title='bbox 1352 3808 1461 3868; x_wconf 91' lang='lat' dir='ltr'>solum</span> <span class='ocrx_word' id='word_1_301' title='bbox 1478 3806 1541 3866; x_wconf 91' lang='lat' dir='ltr'>boc</span> <span class='ocrx_word' id='word_1_302' title='bbox 1557 3806 1640 3865; x_wconf 91' lang='lat' dir='ltr'>vitio</span> <span class='ocrx_word' id='word_1_303' title='bbox 1665 3805 1745 3866; x_wconf 88' lang='lat' dir='ltr'>insi-</span> 
     </span>
     <span class='ocr_line' id='line_1_30' title="bbox 193 3907 1743 3995; baseline -0.006 -19"><span class='ocrx_word' id='word_1_304' title='bbox 193 3922 298 3993; x_wconf 90' lang='lat' dir='ltr'>stunt,</span> <span class='ocrx_word' id='word_1_305' title='bbox 319 3917 496 3978; x_wconf 90' lang='lat' dir='ltr'>sedetiam</span> <span class='ocrx_word' id='word_1_306' title='bbox 521 3917 598 3978; x_wconf 87' lang='lat' dir='ltr'>aliis</span> <span class='ocrx_word' id='word_1_307' title='bbox 615 3917 783 3992; x_wconf 87' lang='lat' dir='ltr'>insudant,</span> <span class='ocrx_word' id='word_1_308' title='bbox 809 3918 932 3995; x_wconf 88' lang='lat' dir='ltr'>quibus</span> <span class='ocrx_word' id='word_1_309' title='bbox 950 3933 1027 3977; x_wconf 89' lang='lat' dir='ltr'>cum</span> <span class='ocrx_word' id='word_1_310' title='bbox 1044 3933 1079 3976; x_wconf 90' lang='lat' dir='ltr'>se</span> <span class='ocrx_word' id='word_1_311' title='bbox 1105 3913 1361 3991; x_wconf 89' lang='lat' dir='ltr'>implicaverint,</span> <span class='ocrx_word' id='word_1_312' title='bbox 1380 3912 1421 3972; x_wconf 87' lang='lat' dir='ltr'>ad</span> <span class='ocrx_word' id='word_1_313' title='bbox 1446 3910 1592 3987; x_wconf 90' lang='lat' dir='ltr'>plurima</span> <span class='ocrx_word' id='word_1_314' title='bbox 1608 3907 1743 3968; x_wconf 87' lang='lat' dir='ltr'>menda-</span> 
     </span>
     <span class='ocr_line' id='line_1_31' title="bbox 190 4017 1738 4101; baseline -0.004 -17"><span class='ocrx_word' id='word_1_315' title='bbox 190 4025 245 4084; x_wconf 82' lang='lat' dir='ltr'>cia</span> <span class='ocrx_word' id='word_1_316' title='bbox 262 4029 496 4101; x_wconf 88' lang='lat' dir='ltr'>prorumpunt;</span> <span class='ocrx_word' id='word_1_317' title='bbox 514 4027 551 4084; x_wconf 90' lang='lat' dir='ltr'>ut</span> <span class='ocrx_word' id='word_1_318' title='bbox 566 4025 730 4100; x_wconf 88' lang='lat' dir='ltr'>propbeta</span> <span class='ocrx_word' id='word_1_319' title='bbox 745 4025 849 4085; x_wconf 86' lang='lat' dir='ltr'>David</span> <span class='ocrx_word' id='word_1_320' title='bbox 868 4025 990 4100; x_wconf 87' lang='lat' dir='ltr'>spiritu</span> <span class='ocrx_word' id='word_1_321' title='bbox 1004 4039 1076 4084; x_wconf 90' lang='lat' dir='ltr'>meo</span> <span class='ocrx_word' id='word_1_322' title='bbox 1094 4025 1260 4084; x_wconf 86' lang='lat' dir='ltr'>veraciter</span> <span class='ocrx_word' id='word_1_323' title='bbox 1277 4022 1438 4096; x_wconf 89' lang='lat' dir='ltr'>imbutus,</span> <span class='ocrx_word' id='word_1_324' title='bbox 1453 4017 1600 4080; x_wconf 90' lang='lat' dir='ltr'>ostendit</span> <span class='ocrx_word' id='word_1_325' title='bbox 1614 4017 1738 4078; x_wconf 90' lang='lat' dir='ltr'>dicens:</span> 
     </span>
    </p>
   </div>
   <div class='ocr_carea' id='block_1_8' title="bbox 913 4225 1128 4294">
    <p class='ocr_par' dir='ltr' id='par_1_8' title="bbox 913 4225 1128 4294">
     <span class='ocr_line' id='line_1_32' title="bbox 913 4225 1128 4294; baseline 0 0"><span class='ocrx_word' id='word_1_326' title='bbox 913 4227 1023 4294; x_wconf 84' lang='lat' dir='ltr'>XLVI.</span> <span class='ocrx_word' id='word_1_327' title='bbox 1125 4225 1128 4230; x_wconf 76' lang='grc'><strong>’</strong></span> 
     </span>
    </p>
   </div>
   <div class='ocr_carea' id='block_1_9' title="bbox 744 4445 1194 4506">
    <p class='ocr_par' dir='ltr' id='par_1_9' title="bbox 744 4445 1194 4506">
     <span class='ocr_line' id='line_1_33' title="bbox 744 4445 1194 4506; baseline -0.004 0"><span class='ocrx_word' id='word_1_328' title='bbox 744 4446 849 4506; x_wconf 81' lang='lat' dir='ltr'>Dauid</span> <span class='ocrx_word' id='word_1_329' title='bbox 872 4445 915 4505; x_wconf 86' lang='lat' dir='ltr'>ad</span> <span class='ocrx_word' id='word_1_330' title='bbox 939 4445 1087 4505; x_wconf 86' lang='lat' dir='ltr'>eamdem</span> <span class='ocrx_word' id='word_1_331' title='bbox 1113 4463 1194 4504; x_wconf 85' lang='lat' dir='ltr'>rem.</span> 
     </span>
    </p>
   </div>
   <div class='ocr_carea' id='block_1_10' title="bbox 240 4642 1745 4734">
    <p class='ocr_par' dir='ltr' id='par_1_10' title="bbox 240 4642 1745 4734">
     <span class='ocr_line' id='line_1_34' title="bbox 240 4642 1745 4734; baseline -0.004 -21"><span class='ocrx_word' id='word_1_332' title='bbox 240 4653 295 4714; x_wconf 80' lang='grc'>55.</span> <span class='ocrx_word' id='word_1_333' title='bbox 323 4653 471 4716; x_wconf 76' lang='lat' dir='ltr'>Alienati</span> <span class='ocrx_word' id='word_1_334' title='bbox 495 4663 572 4716; x_wconf 81' lang='lat' dir='ltr'>sunt</span> <span class='ocrx_word' id='word_1_335' title='bbox 585 4663 774 4734; x_wconf 82' lang='lat' dir='ltr'>peccatores</span> <span class='ocrx_word' id='word_1_336' title='bbox 798 4657 944 4726; x_wconf 84' lang='lat' dir='ltr'>aoalua,</span> <span class='ocrx_word' id='word_1_337' title='bbox 970 4653 1224 4714; x_wconf 71' lang='lat' dir='ltr'>erraveramus</span> <span class='ocrx_word' id='word_1_338' title='bbox 1247 4658 1357 4722; x_wconf 84' lang='lat' dir='ltr'>utero,</span> <span class='ocrx_word' id='word_1_339' title='bbox 1384 4653 1486 4712; x_wconf 82' lang='lat' dir='ltr'>locati</span> <span class='ocrx_word' id='word_1_340' title='bbox 1505 4655 1582 4711; x_wconf 80' lang='lat' dir='ltr'>suut</span> <span class='ocrx_word' id='word_1_341' title='bbox 1606 4649 1704 4726; x_wconf 75' lang='lat' dir='ltr'>falsa.</span> <span class='ocrx_word' id='word_1_342' title='bbox 1721 4642 1745 4727; x_wconf 83' lang='lat'>¹)</span> 
     </span>
    </p>
   </div>
   <div class='ocr_carea' id='block_1_11' title="bbox 195 4749 1748 4922">
    <p class='ocr_par' dir='ltr' id='par_1_11' title="bbox 195 4749 1748 4922">
     <span class='ocr_line' id='line_1_35' title="bbox 195 4749 1748 4836; baseline -0.003 -19"><span class='ocrx_word' id='word_1_343' title='bbox 195 4757 300 4834; x_wconf 86' lang='lat' dir='ltr'>Cujus</span> <span class='ocrx_word' id='word_1_344' title='bbox 317 4773 438 4819; x_wconf 88' lang='lat' dir='ltr'>sensus</span> <span class='ocrx_word' id='word_1_345' title='bbox 454 4760 532 4820; x_wconf 89' lang='lat' dir='ltr'>talis</span> <span class='ocrx_word' id='word_1_346' title='bbox 549 4767 612 4821; x_wconf 88' lang='lat' dir='ltr'>est.</span> <span class='ocrx_word' id='word_1_347' title='bbox 629 4759 797 4835; x_wconf 80' lang='lat' dir='ltr'>originale</span> <span class='ocrx_word' id='word_1_348' title='bbox 815 4765 989 4836; x_wconf 88' lang='lat' dir='ltr'>peccatum</span> <span class='ocrx_word' id='word_1_349' title='bbox 1006 4759 1193 4833; x_wconf 88' lang='lat' dir='ltr'>percibum</span> <span class='ocrx_word' id='word_1_350' title='bbox 1211 4758 1367 4831; x_wconf 85' lang='lat' dir='ltr'>surrexit,</span> <span class='ocrx_word' id='word_1_351' title='bbox 1394 4756 1451 4832; x_wconf 89' lang='lat' dir='ltr'>qui</span> <span class='ocrx_word' id='word_1_352' title='bbox 1468 4755 1601 4814; x_wconf 87' lang='lat' dir='ltr'>beatam</span> <span class='ocrx_word' id='word_1_353' title='bbox 1619 4767 1657 4812; x_wconf 87' lang='lat' dir='ltr'>ac</span> <span class='ocrx_word' id='word_1_354' title='bbox 1676 4749 1748 4812; x_wconf 87' lang='lat' dir='ltr'>leli-</span> 
     </span>
     <span class='ocr_line' id='line_1_36' title="bbox 195 4852 1748 4922; baseline -0.005 -3"><span class='ocrx_word' id='word_1_355' title='bbox 195 4873 270 4920; x_wconf 86' lang='lat' dir='ltr'>cem</span> <span class='ocrx_word' id='word_1_356' title='bbox 286 4862 440 4921; x_wconf 88' lang='lat' dir='ltr'>naturam</span> <span class='ocrx_word' id='word_1_357' title='bbox 458 4860 601 4922; x_wconf 90' lang='lat' dir='ltr'>bominis</span> <span class='ocrx_word' id='word_1_358' title='bbox 618 4862 903 4922; x_wconf 88' lang='lat' dir='ltr'>inmortalitatem</span> <span class='ocrx_word' id='word_1_359' title='bbox 921 4861 1095 4921; x_wconf 88' lang='lat' dir='ltr'>convertit.</span> <span class='ocrx_word' id='word_1_360' title='bbox 1110 4861 1173 4921; x_wconf 88' lang='lat' dir='ltr'>Per</span> <span class='ocrx_word' id='word_1_361' title='bbox 1191 4859 1301 4919; x_wconf 89' lang='lat' dir='ltr'>cibum</span> <span class='ocrx_word' id='word_1_362' title='bbox 1319 4859 1407 4918; x_wconf 89' lang='lat' dir='ltr'>enim</span> <span class='ocrx_word' id='word_1_363' title='bbox 1425 4858 1526 4916; x_wconf 86' lang='lat' dir='ltr'>istum</span> <span class='ocrx_word' id='word_1_364' title='bbox 1543 4854 1628 4914; x_wconf 88' lang='lat' dir='ltr'>bona</span> <span class='ocrx_word' id='word_1_365' title='bbox 1642 4852 1748 4912; x_wconf 85' lang='lat' dir='ltr'>scien-</span> 
     </span>
    </p>
   </div>
   <div class='ocr_carea' id='block_1_12' title="bbox 197 4960 1747 5151">
    <p class='ocr_par' dir='ltr' id='par_1_12' title="bbox 197 4960 1747 5151">
     <span class='ocr_line' id='line_1_37' title="bbox 197 4960 1746 5045; baseline -0.005 -21"><span class='ocrx_word' id='word_1_366' title='bbox 197 4965 245 5025; x_wconf 88' lang='lat' dir='ltr'>tia</span> <span class='ocrx_word' id='word_1_367' title='bbox 268 4967 487 5045; x_wconf 92' lang='lat' dir='ltr'>obdormivit,</span> <span class='ocrx_word' id='word_1_368' title='bbox 513 4973 547 5030; x_wconf 90' lang='lat' dir='ltr'>et</span> <span class='ocrx_word' id='word_1_369' title='bbox 572 4971 659 5030; x_wconf 88' lang='lat' dir='ltr'>mala</span> <span class='ocrx_word' id='word_1_370' title='bbox 684 4969 824 5028; x_wconf 87' lang='lat' dir='ltr'>scientia</span> <span class='ocrx_word' id='word_1_371' title='bbox 844 4983 907 5044; x_wconf 88' lang='lat' dir='ltr'>per</span> <span class='ocrx_word' id='word_1_372' title='bbox 933 4967 1075 5028; x_wconf 90' lang='lat' dir='ltr'>alienam</span> <span class='ocrx_word' id='word_1_373' title='bbox 1099 4969 1189 5027; x_wconf 90' lang='lat' dir='ltr'>viam</span> <span class='ocrx_word' id='word_1_374' title='bbox 1214 4965 1368 5025; x_wconf 82' lang='lat' dir='ltr'>surrexit.</span> <span class='ocrx_word' id='word_1_375' title='bbox 1393 4963 1475 5024; x_wconf 92' lang='lat' dir='ltr'>Nam</span> <span class='ocrx_word' id='word_1_376' title='bbox 1501 4960 1637 5020; x_wconf 88' lang='lat' dir='ltr'>alienati</span> <span class='ocrx_word' id='word_1_377' title='bbox 1668 4964 1746 5019; x_wconf 90' lang='lat' dir='ltr'>sunt</span> 
     </span>
     <span class='ocr_line' id='line_1_38' title="bbox 198 5064 1747 5151; baseline -0.003 -24"><span class='ocrx_word' id='word_1_378' title='bbox 198 5073 468 5146; x_wconf 83' lang='lat' dir='ltr'>transgressores</span> <span class='ocrx_word' id='word_1_379' title='bbox 490 5075 643 5151; x_wconf 87' lang='lat' dir='ltr'>justitiae</span> <span class='ocrx_word' id='word_1_380' title='bbox 668 5091 783 5134; x_wconf 87' lang='lat' dir='ltr'>avera</span> <span class='ocrx_word' id='word_1_381' title='bbox 807 5075 960 5148; x_wconf 89' lang='lat' dir='ltr'>veritate,</span> <span class='ocrx_word' id='word_1_382' title='bbox 987 5073 1034 5134; x_wconf 89' lang='lat' dir='ltr'>ita</span> <span class='ocrx_word' id='word_1_383' title='bbox 1057 5072 1145 5150; x_wconf 89' lang='lat' dir='ltr'>quod</span> <span class='ocrx_word' id='word_1_384' title='bbox 1170 5077 1289 5131; x_wconf 88' lang='lat' dir='ltr'>natura</span> <span class='ocrx_word' id='word_1_385' title='bbox 1307 5068 1451 5130; x_wconf 91' lang='lat' dir='ltr'>bominis</span> <span class='ocrx_word' id='word_1_386' title='bbox 1476 5067 1621 5127; x_wconf 89' lang='lat' dir='ltr'>alienata</span> <span class='ocrx_word' id='word_1_387' title='bbox 1638 5069 1689 5125; x_wconf 91' lang='lat' dir='ltr'>est</span> <span class='ocrx_word' id='word_1_388' title='bbox 1715 5064 1747 5122; x_wconf 92' lang='lat' dir='ltr'>in</span> 
     </span>
    </p>
   </div>
   <div class='ocr_carea' id='block_1_13' title="bbox 237 5221 460 5289">
    <p class='ocr_par' dir='ltr' id='par_1_13' title="bbox 237 5221 460 5289">
     <span class='ocr_line' id='line_1_39' title="bbox 237 5221 460 5289; baseline 0.022 -11"><span class='ocrx_word' id='word_1_389' title='bbox 237 5221 257 5288; x_wconf 69' lang='grc' dir='ltr'>Ι)</span> <span class='ocrx_word' id='word_1_390' title='bbox 270 5221 315 5280; x_wconf 83' lang='lat' dir='ltr'>rs.</span> <span class='ocrx_word' id='word_1_391' title='bbox 332 5223 421 5289; x_wconf 79' lang='lat' dir='ltr'>tvll,</span> <span class='ocrx_word' id='word_1_392' title='bbox 437 5228 460 5283; x_wconf 85' lang='lat' dir='ltr'>l.</span> 
     </span>
    </p>
   </div>
   <div class='ocr_carea' id='block_1_14' title="bbox 0 0 2017 6084">
    <p class='ocr_par' dir='ltr' id='par_1_14' title="bbox 0 0 2017 6084">
     <span class='ocr_line' id='line_1_40' title="bbox 0 0 2017 6084; baseline 0 0"><span class='ocrx_word' id='word_1_393' title='bbox 0 0 2017 6084; x_wconf 95' lang='lat' dir='ltr'> </span> 
     </span>
    </p>
   </div>
  </div>
 </body>
</html>
