3998 6100
719 603 976 680 nrnnn'vrrra
1007 631 1242 680 unnrronuu
1681 622 1725 680 39

206 752 422 813 tumeliosum
437 757 490 811 est
506 751 547 810 dc
565 754 758 830 semetIpsa,
778 754 944 814 interdum
961 752 1163 815 manifestat.
1183 754 1390 830 Quapropter
1409 754 1549 813 multum
1575 756 1682 830 ignem
1703 773 1761 816 ue-

205 855 255 914 lut
272 853 401 915 faculas
418 870 457 914 ex
474 869 531 914 ore
549 871 610 915 suo
627 857 762 932 emittit,
781 858 938 934 quoniam
956 856 1053 916 homo
1071 857 1222 916 ardentia
1239 862 1272 915 et
1289 855 1507 915 scintillantia
1524 856 1628 916 verba
1651 860 1684 918 in
1701 877 1761 919 vo-

206 975 244 1019 ce
261 977 322 1021 sua
338 975 398 1038 per
413 959 597 1021 vindictam
613 961 833 1038 malignitatis
849 959 988 1038 profert3
1006 977 1083 1020 cum
1100 962 1133 1021 in
1150 963 1235 1022 iram
1260 959 1464 1036 accenditur,
1484 960 1530 1021 ita
1547 961 1636 1039 quod
1653 963 1757 1023 etiam

204 1064 263 1126 Dei
280 1066 505 1142 obliviscitur,
522 1068 614 1128 velut
638 1067 726 1128 idem
742 1068 862 1128 vitium
880 1068 913 1126 in
937 1066 1141 1142 supradictis
1157 1066 1271 1126 verbis
1296 1067 1368 1126 suis
1383 1065 1543 1128 declarat.
1560 1067 1679 1130 Divina
1701 1086 1761 1132 au-

205 1177 273 1232 tem
289 1173 450 1249 patientia
469 1173 578 1249 ipsum
595 1189 655 1249 pro
674 1173 787 1233 furore
803 1173 1033 1233 contumaciae
1049 1189 1131 1232 snae
1156 1172 1336 1260 redarguit;
1356 1173 1635 1248 quemadmodum
1652 1175 1755 1236 etiam

210 1274 310 1336 Iacob
327 1274 459 1335 duobus
476 1275 555 1334 filiis
572 1275 655 1350 suls,
674 1275 732 1350 qui
749 1275 782 1334 in
797 1274 908 1334 furore
926 1291 986 1334 suo
1005 1280 1151 1350 stragem
1169 1273 1341 1334 hominum
1367 1272 1525 1350 fecerant,
1545 1276 1677 1336 locutus
1694 1280 1759 1350 est,

206 1377 332 1440 dicens:

917 1586 1053 1647 LXXIII.

870 1797 970 1857 Verbo
994 1797 1095 1858 Iacob.

251 1999 303 2062 86.
324 2003 457 2064 Simeon
474 2010 504 2062 et
524 2005 616 2074 Loci,
634 2017 710 2064 oasa
726 2005 914 2082 miquitatis
931 1997 1104 2073 bellantia,
1121 2001 1157 2063 iu
1174 2003 1309 2064 consilio
1327 2018 1440 2064 eorum
1456 2023 1498 2064 ne
1516 2007 1628 2065 veniat
1645 2000 1668 2087 ¹)
1686 2009 1760 2070 ania

204 2124 262 2165 mo
276 2125 364 2175 mea,
382 2115 414 2167 et
431 2109 468 2167 iu
486 2113 580 2168 coetu
604 2108 741 2167 illorum
757 2125 824 2167 non
849 2109 890 2166 stt
906 2107 1012 2185 qlorta
1035 2125 1122 2180 mec;
1139 2109 1219 2184 quio
1233 2109 1271 2166 in
1286 2108 1401 2185 furore
1423 2125 1481 2167 suo
1505 2109 1695 2169 occiderunt
1711 2113 1759 2169 vi-

203 2227 293 2285 rum,
308 2217 340 2270 et
353 2214 389 2272 fn
402 2211 571 2272 voluntate
586 2229 646 2272 sua
658 2212 865 2291 suffoderunt
877 2229 1022 2270 murum.
1034 2211 1230 2292 Maledtctua
1241 2213 1337 2289 furor
1350 2229 1479 2282 eorum,
1492 2216 1573 2290 quia
1581 2217 1758 2291 pertinum

204 2323 236 2375 ct
251 2318 437 2396 indignatio
453 2335 583 2390 eorum,
600 2321 680 2397 quia
696 2320 791 2379 dura.
807 2319 960 2379 Dividam
976 2335 1028 2376 cos
1044 2320 1081 2377 in
1099 2316 1206 2387 Iacob,
1224 2324 1255 2376 et
1273 2317 1460 2395 dispergam
1477 2335 1529 2378 eoa
1546 2320 1583 2378 io
1597 2319 1702 2378 Israel
1719 2317 1756 2398 Ι).
1849 2356 1850 2359 =

204 2421 306 2499 Cujus
331 2438 451 2483 sensus
475 2424 553 2483 talis
577 2429 640 2484 est.
664 2424 717 2483 Ira
742 2429 775 2482 et
799 2423 912 2482 odium
936 2423 994 2498 qui
1010 2416 1034 2500 ³)
1053 2421 1087 2481 in
1104 2422 1312 2496 malignitate
1329 2421 1586 2498 conjunguntur,
1603 2440 1683 2481 oasa
1698 2441 1757 2482 ne-

107 2558 126 2590 a
204 2529 329 2606 quitiae
369 2535 469 2604 sunt,
510 2535 543 2589 et
577 2527 644 2604 Deo
683 2543 815 2605 semper
850 2533 1053 2604 repugnant,
1091 2542 1130 2586 ac
1165 2542 1225 2602 per
1263 2527 1490 2602 magniloquia
1524 2527 1634 2586 omnia
1669 2542 1756 2603 quae

157 2628 293 2716 'xxjusta
309 2637 399 2707 aunt,
424 2631 634 2706 comburunt;
652 2637 686 2691 et
710 2637 826 2691 contra
849 2631 906 2690 illa
931 2629 1183 2690 maledictiones
1207 2645 1287 2688 suas
1310 2629 1508 2705 producunt.
1534 2627 1595 2688 Sed
1621 2629 1655 2688 in
1678 2645 1756 2704 pro-

202 2734 316 2794 tbndis
355 2735 617 2812 cogitationibus
656 2751 772 2796 eorum
810 2753 875 2796 non
914 2736 959 2796 sit
997 2750 1091 2794 mens
1133 2734 1325 2811 justorum,
1362 2735 1441 2811 quia
1481 2736 1589 2811 legem
1623 2735 1755 2798 Domini

201 2837 509 2912 trassgrediuntur,
535 2845 568 2898 et
592 2839 672 2915 quia
696 2855 798 2914 supra
822 2845 971 2915 petram,
998 2853 1100 2913 supra
1123 2853 1225 2913 quam
1248 2837 1351 2914 pedes
1378 2837 1553 2898 beatorum
1581 2844 1691 2915 stant,
1717 2845 1755 2900 ut

199 2947 356 3002 enarrent
380 2942 538 3005 uniuersa
562 2943 730 3003 mtrabilia
753 2943 827 3018 Dei,
854 2959 918 3002 non
943 2941 1129 3002 aedificent.
1155 2941 1237 3000 Nam
1262 2941 1373 3002 omnia
1398 2943 1518 3001 itinera
1542 2947 1576 3000 et
1600 2941 1753 3002 aedificia

202 3045 376 3106 beatorum
402 3045 648 3107 desideriorum
672 3052 705 3106 et
729 3047 905 3108 beatorum
931 3062 1070 3122 operum
1095 3047 1129 3104 in
1151 3047 1341 3122 praeceptis
1364 3045 1422 3105 'Dei
1448 3051 1535 3107 sunt.
1561 3047 1597 3106 ln
1625 3046 1750 3107 studiis

203 3163 335 3225 quoque
353 3149 498 3223 illorum,
517 3149 690 3226 inquibus
707 3165 839 3210 omnem
856 3149 1062 3209 voluntatem
1079 3165 1175 3208 suam
1193 3163 1230 3208 se
1246 3147 1406 3223 perficere
1429 3154 1560 3225 putant,
1578 3153 1611 3208 et
1629 3149 1662 3208 in
1678 3149 1752 3225 qui-

201 3253 264 3314 bus
287 3254 424 3314 dolosas
448 3253 589 3315 insidias
612 3254 780 3330 complere
804 3259 980 3330 quaerunt,
998 3269 1063 3313 non
1087 3259 1248 3329 appareat
1272 3252 1378 3312 honor
1399 3252 1580 3327 justorum,
1598 3267 1638 3312 ne
1663 3253 1696 3312 in
1714 3253 1754 3312 fl-

204 3360 246 3420 lis
261 3355 286 3438 ⁴)
311 3357 506 3432 offuscetur3
527 3373 588 3417 nec
612 3359 646 3417 in
663 3357 772 3418 medio
789 3373 906 3418 eorum
924 3359 979 3434 sit,
998 3373 1038 3417 ne
1057 3359 1315 3432 comminuatur3
1334 3356 1394 3416 sed
1414 3357 1521 3433 gloria
1535 3357 1703 3433 justorum
1722 3359 1756 3416 in

203 3463 331 3539 angelis
348 3468 474 3522 etcum
498 3464 626 3539 angelis
641 3463 699 3524 Dei
725 3465 780 3540 sit,
798 3471 923 3524 etcum
942 3464 995 3524 his
1011 3465 1069 3542 qui
1088 3465 1206 3525 faeiem
1221 3464 1415 3527 Divinitatis
1432 3455 1468 3526 in
1490 3467 1626 3542 speculo
1644 3468 1754 3528 consi-

201 3571 320 3630 derant
335 3563 369 3649 ⁵).
388 3569 427 3629 Et
444 3587 509 3630 non
533 3585 607 3630 cum
626 3571 693 3631 illis
717 3577 795 3632 eant
811 3573 869 3648 qui
887 3571 920 3632 ln
937 3573 1119 3648 sanguineo
1136 3571 1212 3632 dolo
1229 3557 1405 3632 conterunt
1428 3573 1574 3634 virtutes
1591 3575 1625 3634 in
1642 3573 1753 3634 beatis

203 3677 405 3752 bominibus
422 3677 530 3753 etqui
548 3677 581 3737 in
596 3676 713 3738 dolosa
730 3683 801 3738 arte
819 3695 880 3738 sua
897 3678 1069 3754 perforant
1086 3679 1299 3753 munitiones,
1317 3695 1402 3755 quas
1427 3679 1517 3739 beati
1534 3678 1692 3740 doctores
1710 3679 1752 3737 ad

204 3784 374 3844 munimen
397 3783 580 3844 electorum
597 3790 791 3859 posuerunt.
809 3783 891 3843 Nam
915 3799 991 3842 cum
1010 3783 1149 3846 Diabolo
1173 3784 1342 3845 maledicti
1368 3785 1401 3856 in
1426 3783 1556 3844 insania
1580 3800 1642 3843 sua
1660 3788 1750 3857 sunt,

201 3887 359 3963 quoniam
382 3887 546 3964 pertinaci
562 3887 690 3965 praelio
714 3893 831 3948 contra
846 3887 951 3949 Deum
967 3895 1126 3965 pugnant,
1152 3905 1228 3950 cum
1246 3905 1282 3950 se
1297 3888 1364 3949 Deo
1389 3894 1570 3964 opponunt;
1590 3903 1628 3948 ao
1645 3888 1749 3948 etiam

203 3991 237 4050 in
254 3991 481 4066 indignatione
504 3993 675 4068 nequitiae
692 3991 890 4053 inflexibiles
915 3997 1004 4068 sunt,
1023 3994 1103 4068 quia
1125 4009 1338 4071 nequaquam
1354 4009 1374 4051 a
1390 3992 1478 4052 malo
1502 3990 1671 4050 declinare
1694 4007 1754 4050 vo-

200 4097 283 4172 lunt,
309 4095 369 4157 sed
394 4097 427 4156 in
454 4095 666 4157 damnatione
689 4096 888 4173 perditioniS
912 4113 972 4174 per
995 4098 1084 4159 mala
1111 4115 1213 4174 opera
1237 4112 1455 4176 perseverare
1479 4097 1628 4172 cupiunt.
1658 4095 1751 4158 Unde
1787 4131 1790 4136 ,

203 4200 305 4260 etiam
321 4199 513 4260 dividentur
538 4201 570 4259 in
587 4201 758 4261 incursum
782 4203 896 4278 populi
914 4202 1017 4278 illius,
1036 4203 1093 4278 qui
1118 4219 1176 4264 eos
1194 4204 1240 4264 ita
1264 4203 1442 4280 opprimet,
1461 4200 1548 4278 quod
1569 4201 1663 4262 velut
1680 4216 1751 4260 ser-

202 4318 284 4379 pens
301 4302 333 4362 in
350 4317 528 4364 cavernam
545 4310 685 4380 quaerat
702 4321 738 4365 se
755 4305 971 4380 abscondere,
990 4307 1146 4382 quoniam
1163 4323 1222 4383 per
1240 4307 1332 4367 illum
1348 4307 1445 4366 valde
1464 4305 1606 4382 fatigati,
1623 4305 1679 4366 vix
1697 4322 1753 4365 su-

203 4407 331 4482 spirare
345 4402 370 4484 ⁸)
388 4414 540 4482 possunt;
559 4423 598 4467 ac
621 4407 858 4484 dispergentur
875 4409 907 4467 in
925 4408 1000 4468 illos
1025 4409 1082 4485 qui
1098 4409 1201 4471 Deum
1219 4410 1428 4484 confitentur,
1453 4424 1518 4469 non
1535 4413 1573 4468 ut
1596 4407 1751 4470 felicitati

201 4523 318 4570 eorum
341 4509 585 4584 consocientur,
604 4509 663 4569 sed
679 4515 716 4571 ut
734 4512 831 4588 palea
848 4511 890 4572 ab
906 4512 956 4571 eis
980 4511 1141 4588 proiecta,
1168 4519 1376 4589 separentur.
1395 4512 1478 4572 Nam
1503 4511 1583 4588 quia
1605 4507 1750 4588 Deum⁷)

201 4625 266 4674 non
282 4617 480 4689 sequuntur,
498 4611 622 4674 idcirco
648 4619 681 4672 et
697 4613 770 4690 ipse
793 4628 852 4674 eos
870 4613 903 4673 in
920 4613 1122 4674 oblivionem
1147 4613 1260 4686 tradit,
1280 4616 1327 4674 ita
1350 4612 1439 4691 quod
1463 4628 1524 4672 neo
1547 4611 1753 4688 prosperita-

202 4721 268 4778 tem
284 4716 411 4776 saeculi
423 4731 484 4776 neo
501 4715 694 4778 felicitatem
707 4719 838 4778 animae
855 4718 1035 4794 habebunt;
1050 4718 1109 4779 sed
1122 4718 1211 4796 quod
1224 4720 1347 4779 veluto
1365 4724 1476 4793 vento,
1492 4717 1526 4777 in
1538 4717 1662 4778 multas
1674 4731 1751 4792 pas-
1852 4785 1854 4790 ,

203 4819 314 4880 aiones
330 4835 513 4896 pravorum
528 4821 773 4882 desideriorum
789 4821 947 4899 dispersi,
964 4823 1092 4883 nullam
1108 4823 1254 4900 quietem
1270 4837 1331 4882 nec
1353 4835 1430 4882 cum
1453 4820 1507 4880 his
1524 4819 1581 4894 qui
1597 4817 1664 4878 Deo
1682 4833 1752 4878 ser-

203 4921 307 4999 viunt,
325 4938 478 4984 naccum
495 4923 548 4984 his
565 4927 622 5002 qui
640 4925 775 4986 saeculo
794 4924 961 5000 insudant,
988 4924 1167 4986 habebunt.

210 5161 213 5168 ι
240 5123 433 5188 'loncscet
445 5125 479 5184 Α.
496 5127 647 5192 -ucen
664 5129 767 5192 xttx.
785 5137 808 5187 t.
825 5161 857 5170 -
872 5129 958 5204 liqui
1018 5131 1040 5192 ι)
1053 5132 1205 5186 mucra:
1218 5128 1263 5182 W.
1280 5157 1312 5168 —
1327 5127 1349 5190 ὓ)
1362 5124 1515 5201 apirorarl.

207 5208 245 5268 eie
259 5209 315 5266 duo
327 5211 407 5268 codd.
424 5243 454 5253 -
471 5213 493 5278 ⁴)
507 5227 553 5270 nec
566 5215 624 5269 illia
636 5214 669 5270 Α.
976 5287 979 5294 Ι
1018 5217 1040 5281 ⁷)
1053 5219 1103 5288 put
1117 5215 1233 5272 cmm...
1250 5215 1384 5270 obliuioni
1396 5213 1482 5268 tradit
1494 5211 1528 5268 A.
