3992 6092
289 501 336 561 56
623 555 627 563 ,
870 513 898 560 s.
924 511 1193 562 amnnehnors

254 641 384 710 suerat,
401 647 504 709 opera
521 647 583 692 sua
599 630 641 690 ad
656 629 843 707 perlectum
863 630 1028 707 perduxit.
1047 632 1195 694 Gloriam
1211 631 1300 692 enim
1320 645 1416 692 suam
1433 629 1527 692 solus
1544 629 1667 694 habere
1684 630 1804 710 noluit,

252 743 406 804 sedeam
423 739 457 798 in
480 741 653 796 creaturas
671 751 751 795 suas
767 733 952 810 distribuit,
972 743 1009 797 ut
1031 752 1108 796 oum
1124 752 1163 798 eo
1188 735 1383 812 gauderenn
1406 734 1687 811 quemadmodum
1709 737 1807 813 galli-

251 867 296 910 na
313 847 423 925 pullos
440 857 520 902 suos
538 841 601 900 sub
617 840 689 900 alas
707 856 786 899 suas
806 840 945 915 colligit.
964 839 1026 900 Sed
1042 840 1171 916 primus
1188 839 1328 915 angelus
1343 839 1476 914 cecidit,
1494 846 1529 901 et
1552 840 1701 916 seipsum
1716 840 1806 902 occi·

250 953 314 1026 dil,
333 966 372 1010 ae
387 949 533 1026 primum
549 944 715 1004 hominem
734 944 854 1004 cadere
872 944 960 1004 iecit.
978 945 1015 1004 In
1032 959 1114 1004 casu
1131 951 1243 1004 autem
1260 944 1417 1019 hominis,
1436 945 1601 1004 elementa
1619 946 1653 1004 in
1668 950 1803 1005 contur-

253 1056 423 1118 bationem
439 1067 539 1112 versa
556 1055 645 1124 sunt;
662 1054 696 1108 et
714 1049 747 1108 in
763 1049 931 1109 occisione
948 1049 1042 1124 Abel,
1061 1049 1257 1124 sanguinem
1273 1047 1347 1123 ejus
1365 1053 1599 1124 susceperunt,
1614 1048 1671 1109 ubi
1687 1054 1721 1107 et
1738 1054 1806 1108 ter-

252 1178 291 1222 ra
315 1156 513 1233 sanguinem
539 1153 613 1230 ejus
637 1153 732 1214 bibit.
756 1152 797 1212 El
812 1152 972 1213 Diabolus
1001 1153 1035 1213 in
1063 1152 1245 1228 semetipso
1273 1150 1367 1212 dixit:
1395 1152 1569 1212 «Omnem
1596 1153 1804 1214 voluntatem

254 1285 270 1324 a
290 1277 398 1323 meam
415 1261 449 1319 in
465 1272 566 1334 opere
581 1255 640 1314 Dei
658 1257 842 1332 complebo,
860 1262 894 1316 et
909 1258 986 1334 plus
1004 1256 1036 1316 in
1053 1255 1110 1316 illo
1128 1255 1249 1316 faciam
1265 1268 1367 1331 quam
1384 1271 1444 1332 per
1460 1271 1513 1314 me
1535 1255 1681 1316 fecerim.
1702 1273 1718 1314 s
1738 1255 1802 1317 Sed

251 1373 341 1432 Deus
358 1370 391 1428 in
407 1380 528 1440 magno
545 1361 686 1423 consilio
704 1379 764 1422 suo
783 1362 817 1421 in
833 1363 982 1438 seipsum
1002 1363 1144 1438 aspexit,
1163 1362 1359 1422 discernens
1376 1361 1542 1438 quomodo
1566 1360 1734 1422 hominem
1747 1361 1801 1437 jn-

251 1469 427 1546 stiiicaret,
445 1468 503 1544 qui
519 1466 675 1543 perierat
693 1466 847 1541 Magnum
871 1466 994 1542 quippe
1010 1467 1189 1526 consilium
1204 1464 1263 1526 boi
1287 1466 1353 1526 tale
1370 1471 1433 1540 est,
1452 1463 1541 1541 quod
1556 1465 1649 1526 nulla
1672 1470 1804 1526 creatu-

253 1595 291 1638 ra
308 1577 418 1653 ipsum
435 1569 633 1650 penetrarit.
651 1569 688 1629 In
703 1569 819 1630 eodem
838 1569 990 1645 consilio,
1007 1569 1096 1630 Deus
1112 1571 1233 1631 Filium
1250 1585 1349 1630 suum
1360 1569 1402 1630 de
1418 1567 1553 1644 Virgine
1571 1569 1666 1630 nasci
1678 1569 1803 1632 consti-

253 1681 329 1756 tuit,
347 1685 385 1738 ut
399 1675 568 1738 bominem
585 1673 775 1749 redimeret;
793 1672 848 1734 eui
864 1674 1005 1734 consilio
1021 1674 1139 1735 nullus
1159 1688 1344 1752 repugnare
1364 1673 1483 1750 potuit.

946 1881 1099 1943 CXVIIII.

409 2091 621 2156 rossanum
638 2093 706 2152 scta
726 2092 874 2153 Christus
887 2059 1026 2168 peccato
1041 2093 1143 2151 etiarn
1156 2092 1403 2168 poenitentium
1418 2091 1462 2156 ud
1477 2109 1511 2153 sc
1527 2092 1644 2150 traxit.

296 2303 371 2364 137.
396 2303 480 2364 Nam
495 2308 613 2362 contra
636 2300 700 2362 hoc
716 2300 805 2378 quod
829 2299 928 2361 homo
952 2314 1093 2377 peccare
1116 2299 1237 2377 potuit,
1263 2299 1350 2361 idem
1367 2299 1472 2360 Filius
1495 2299 1554 2360 Dei
1572 2298 1747 2360 mollitiem
1763 2297 1799 2358 in

247 2408 394 2485 pueritia
410 2406 537 2482 habuit,
555 2411 589 2466 et
605 2412 721 2466 contra
741 2410 878 2482 gustum
894 2403 1008 2464 carnis
1024 2403 1180 2478 hominis,
1201 2402 1430 2480 fatigationem
1448 2403 1480 2464 in
1502 2402 1677 2478 iuventute
1694 2402 1798 2462 susti-

247 2512 331 2588 nuit;
350 2526 389 2570 ac
405 2514 522 2571 contra
546 2509 729 2585 ingluviem
749 2507 913 2568 avaritiae
937 2509 972 2566 in
987 2507 1130 2582 homine,
1156 2507 1302 2568 esuriem
1326 2507 1467 2584 accepit;
1484 2512 1519 2568 et
1541 2511 1657 2568 contra
1680 2520 1800 2582 perpe·

246 2619 336 2674 trata
359 2619 497 2690 peccata
520 2611 733 2688 injustorum,
759 2611 899 2672 tristitia
922 2611 1150 2673 circumdatus
1174 2616 1238 2686 est;
1256 2616 1290 2672 et
1306 2617 1421 2674 eontra
1446 2610 1655 2686 tyrannidem
1679 2609 1799 2686 impio-

247 2734 334 2793 rum,
351 2719 507 2796 plurimis
527 2716 718 2794 opprobriis
743 2715 943 2776 inclamatus
967 2723 1030 2792 est;
1049 2732 1088 2776 ac
1112 2723 1229 2777 contra
1245 2717 1334 2776 mala
1357 2715 1624 2790 homicidiorum,
1647 2715 1680 2774 in
1696 2729 1798 2774 cruce

246 2839 371 2900 passus
395 2828 459 2896 est;
477 2827 510 2882 et
534 2827 649 2881 contra
665 2821 782 2896 gravia
804 2826 942 2897 peccata
966 2821 1097 2895 mortis,
1117 2820 1151 2878 in
1174 2819 1297 2897 quibus
1313 2819 1465 2880 homines
1487 2818 1610 2895 sepulti
1631 2823 1737 2892 erant,
1756 2823 1796 2878 ut

247 2944 308 2988 eos
325 2926 367 2987 de
383 2931 490 2986 morte
506 2926 662 3002 eriperet,
681 2924 715 2985 in
730 2940 830 2984 eruce
854 2925 1048 3002 exspiravit.
1066 2925 1103 2984 ln
1126 2924 1281 2985 omnibus
1299 2925 1388 2985 enim
1411 2923 1465 2983 his
1486 2921 1658 2982 doloribus
1684 2921 1799 2982 omnia

244 3036 383 3110 peccata
399 3029 652 3106 poenitentium,
670 3031 836 3088 eteorum
853 3028 912 3104 qui
928 3027 1039 3104 ipsum
1056 3044 1121 3088 non
1136 3033 1269 3104 negant,
1288 3026 1330 3088 ad
1346 3042 1384 3087 se
1400 3025 1511 3086 traxit.
1534 3024 1743 3099 Quapropter
1758 3029 1795 3084 et

247 3136 320 3212 ipse
346 3133 486 3210 angelus
513 3133 624 3209 magni
656 3131 789 3192 consilii
816 3137 967 3208 vocatur,
999 3133 1157 3208 quoniam
1179 3126 1202 3211 ¹)
1228 3132 1263 3191 in
1285 3132 1440 3194 omnibus
1465 3129 1518 3190 his
1539 3129 1653 3205 justus
1669 3133 1703 3189 et
1725 3129 1794 3189 cle-

247 3251 341 3298 mens
358 3241 421 3298 est

881 3453 891 3472 ·
970 3443 1061 3505 CXX.

506 3655 679 3720 Homicida
691 3675 754 3735 per
770 3655 913 3716 vulnero
930 3655 1051 3718 Christi
1067 3657 1104 3717 in
1117 3658 1326 3734 poenitentia
1341 3656 1535 3734 requiritur.

293 3865 369 3930 138.
394 3865 457 3926 Sed
475 3881 551 3927 cum
566 3865 679 3926 omnia
695 3867 833 3942 peccata
853 3863 1043 3940 periculosa
1059 3869 1093 3922 et
1109 3863 1197 3924 mala
1221 3863 1300 3938 siut,
1318 3861 1536 3924 homicidium
1556 3867 1668 3922 tamen
1684 3859 1792 3937 pessi-

245 3987 338 4032 mum
357 3971 482 4031 malum
499 3971 663 4030 malorum
683 3974 747 4044 est,
765 3969 823 4029 ubi
839 3967 938 4029 homo
955 3968 995 4028 ad
1021 3983 1194 4028 corsuum
1210 3986 1276 4029 non
1300 3969 1440 4044 reducit,
1459 3966 1548 4044 quod
1568 3967 1656 4026 Deus
1673 3967 1792 4026 timen-

241 4076 382 4152 «lussit,
399 4091 476 4136 cum
500 4091 583 4151 opus
610 4073 691 4133 illud
716 4073 803 4150 quod
820 4073 862 4132 ed
879 4073 1057 4148 imaginem
1081 4073 1154 4149 ejus
1180 4073 1393 4148 factumest,
1418 4069 1592 4148 extinguit.
1617 4069 1708 4132 Unde
1733 4068 1791 4128 ille

240 4179 301 4256 qui
322 4179 368 4239 ita
391 4183 600 4252 exeoecatur,
618 4176 706 4253 quod
729 4177 832 4236 Deum
852 4178 884 4236 in
902 4176 963 4236 hoc
980 4177 1168 4253 periculoso
1187 4177 1274 4237 iacto
1298 4176 1480 4253 postponit,
1498 4189 1558 4252 per
1580 4172 1791 4234 transmeat

242 4281 414 4358 perforata
429 4282 567 4342 vulnera
590 4280 716 4342 Christi
733 4281 767 4340 in
784 4281 987 4357 poenitentia
1004 4281 1199 4357 requiritur,
1216 4281 1274 4357 qui
1297 4280 1390 4340 solus
1407 4278 1556 4338 torcular
1579 4276 1698 4338 beatae
1713 4291 1790 4351 pas-

240 4387 348 4446 sionis
365 4387 536 4461 sustinuit,
555 4393 592 4446 ut
608 4385 776 4462 perditum
792 4390 826 4444 et
841 4385 1014 4446 cadentem
1032 4385 1199 4445 hominem
1224 4386 1413 4459 redimeret,
1432 4383 1488 4444 ubi
1506 4382 1622 4444 auxilii
1645 4382 1788 4444 alterius

242 4489 387 4550 hominis
404 4505 469 4549 non
486 4489 636 4566 indiguit.
656 4489 744 4549 Haec
762 4494 874 4549 autem
890 4489 930 4548 de
952 4490 1192 4564 poenitentium
1209 4488 1385 4550 animabus
1406 4487 1588 4564 purgandis
1605 4491 1639 4546 et
1655 4486 1788 4552 salvan·

240 4593 293 4654 dis
320 4593 524 4667 dictasunt,
549 4598 583 4652 et
607 4591 717 4653 fidelia
741 4598 830 4667 sunt,
860 4597 893 4651 et
917 4591 1025 4652 fidelis
1050 4593 1102 4672 his
1127 4593 1288 4668 attendat,
1315 4597 1348 4652 et
1371 4607 1410 4652 ea
1435 4591 1469 4651 in
1494 4589 1653 4650 memoria
1678 4589 1785 4650 bonae

241 4698 403 4758 scientiae
419 4704 606 4774 componat.

283 4801 359 4863 139.
385 4803 479 4863 Alios
496 4817 629 4879 quoque
645 4800 796 4879 ejusdem
817 4801 1041 4864 multitudinis
1058 4801 1223 4878 malignos
1247 4801 1389 4879 spiritus
1405 4800 1486 4876 uidi,
1505 4800 1562 4876 qui
1582 4798 1710 4860 dolosis
1727 4813 1787 4858 nu-

239 4907 330 4966 tibus
355 4907 420 4967 sibi
445 4908 587 4966 invicem
611 4907 857 4984 applaudebant
880 4907 1116 4969 vociterantes:
1144 4906 1312 4967 «Lucifer
1336 4905 1494 4966 Dominus
1518 4911 1633 4965 noster
1656 4909 1717 4964 est.
1742 4905 1784 4964 Et

242 5027 258 5065 a
277 5008 471 5085 quidnobis
495 5011 615 5086 oberit,
634 5013 663 5073 si
681 5013 768 5073 alius
791 5029 830 5074 eo
849 5012 967 5074 sortior
990 5013 1059 5074 est‘l
1076 5014 1180 5073 lslum
1205 5011 1380 5072 Dominum
1397 5010 1606 5084 habebimus;
1624 5025 1684 5085 per
1707 5024 1784 5068 eum

280 5169 300 5238 ¹)
320 5171 393 5243 quod
404 5173 435 5229 tn
446 5171 570 5228 montbar
581 5171 616 5227 Α.
