3998 6100
726 609 853 659 trena
882 611 983 657 vrrs
1012 611 1251 656 ururronuu
1689 591 1733 658 33

207 734 335 796 multas
351 711 571 793 seductiones
590 745 629 788 ac
646 729 770 788 multas
788 729 946 788 haereses
973 726 1165 788 hominibus
1188 724 1325 798 inducit,
1351 739 1427 784 curu
1444 726 1529 786 istos
1555 724 1666 800 idolis,
1686 727 1763 787 illos

207 838 364 916 plurimis
381 834 607 914 pravitatibus
625 834 753 892 servire
769 833 877 893 docet.
891 832 932 894 Et
946 831 1029 891 dicit
1045 830 1133 906 quod
1151 829 1239 904 illos,
1254 831 1311 906 qui
1328 844 1387 906 per
1404 830 1514 890 lucida
1536 846 1638 908 opera
1656 847 1692 890 se
1709 848 1764 891 so-

207 942 260 1002 les
277 941 461 1012 nominant,
485 937 637 998 noxiales
654 943 688 996 et
710 943 894 997 nocturnos
919 951 957 996 ac
974 935 1155 996 horribiles
1172 935 1206 994 ln
1231 933 1378 994 tenebris
1402 933 1514 1008 lactat,
1532 935 1612 1011 quia
1635 935 1762 995 electos

207 1043 269 1108 Ilei
284 1045 343 1122 qui
364 1045 398 1104 in
421 1042 549 1104 sanctis
566 1041 724 1119 operibus
747 1041 886 1117 fulgent,
912 1041 1049 1100 nocivos
1066 1055 1105 1098 ac
1123 1039 1154 1098 in
1172 1039 1327 1100 obscuris
1344 1039 1475 1100 actibus
1496 1040 1672 1102 sordentes
1688 1055 1765 1101 esse

208 1148 391 1223 contendit,
410 1153 444 1208 et
459 1145 614 1208 notitiam
630 1161 748 1206 eorum
764 1161 879 1206 coram
896 1144 1088 1204 homiuibus
1107 1143 1241 1203 foetere.

934 1352 1042 1414 LXIII.

670 1565 825 1628 Diabolus
848 1565 892 1625 ad
914 1565 1140 1626 idololatriam
1164 1565 1304 1627 traducit.

256 1780 308 1840 76.
326 1780 536 1856 Quapropter
551 1776 654 1837 etlam
671 1776 880 1836 teterrimam
896 1774 1053 1835 nebulam
1068 1774 1171 1849 elllat,
1190 1791 1277 1851 quae
1290 1781 1395 1836 totam
1411 1781 1537 1836 terram
1550 1775 1643 1837 velut
1653 1775 1765 1851 niger·

211 1886 318 1946 rimus
335 1883 448 1945 fumus
464 1877 487 1962 ¹)
509 1881 628 1958 tangit,
646 1880 804 1956 quoniam
826 1879 1008 1956 plurimam
1025 1879 1255 1940 infidelItatem
1279 1882 1414 1956 emittit,
1432 1897 1518 1959 quae
1543 1888 1652 1944 totum
1670 1899 1764 1944 mun·

172 2035 178 2042 .
209 1990 291 2050 dum
303 1989 545 2050 tenebrositate
559 1987 796 2065 perversitatis
809 2001 890 2045 suae
902 1985 1087 2061 obnubilat,
1101 2002 1219 2063 exque
1232 1990 1334 2048 etiam
1352 1988 1514 2049 maximos
1526 1987 1551 2070 ²)
1568 1991 1700 2066 rugitus
1714 1990 1763 2050 in-

213 2099 318 2169 tonat,
343 2093 469 2154 dicens:
489 2112 505 2151 r
524 2091 617 2165 Quod
641 2092 753 2152 nullus
770 2091 870 2151 homo
889 2092 992 2151 alium
1008 2091 1112 2151 Deum
1129 2091 1256 2168 adoret,
1275 2095 1340 2153 nisi
1357 2109 1457 2170 quem
1472 2094 1576 2171 videt,
1595 2102 1629 2156 et
1644 2111 1765 2172 cogno·

216 2221 233 2260 ι
252 2203 327 2263 scit.
343 2201 384 2262 Et
400 2200 481 2278 quid
497 2201 543 2261 sit
559 2199 634 2274 hoc,
653 2199 741 2276 quod
759 2197 858 2258 homo
876 2199 957 2258 colit
973 2198 1062 2274 quod
1078 2199 1235 2259 nescit‘lr
1253 2201 1331 2276 quia
1349 2214 1409 2276 per
1425 2201 1577 2260 eamdem
1591 2200 1766 2260 infidelita·

212 2313 280 2366 tem
298 2305 432 2380 iniquae
448 2303 686 2380 persuasiones
702 2301 894 2362 hominibus
919 2302 1098 2372 inculcant,
1116 2302 1206 2378 quod
1229 2303 1357 2362 nullum
1374 2302 1478 2362 Deum
1501 2303 1614 2363 colant
1630 2309 1765 2378 praeter

216 2407 304 2468 idola
320 2421 407 2484 quae
430 2406 586 2466 videntur
602 2412 636 2466 et
660 2407 823 2479 sciuntur,
849 2412 883 2464 et
907 2405 957 2464 sic
971 2401 1034 2483 ’la
1058 2421 1138 2466 vero
1161 2405 1240 2479 Deo,
1263 2407 1321 2482 qui
1345 2406 1378 2465 iu
1401 2405 1557 2465 claritate
1572 2405 1765 2467 Divinitatis

118 2562 130 2597 ‚x
214 2513 381 2574 humanae
397 2510 583 2570 infirmitati
600 2510 781 2570 invIsibilis
798 2515 862 2585 est,
881 2509 1143 2570 rationaIItetem
1157 2505 1182 2588 ι)
1200 2509 1344 2570 hominis
1362 2515 1528 2570 avertunt.

933 2717 1056 2780 LXIIII.

627 2927 690 3002 Qui
714 2927 799 2989 beuti
823 2947 892 2988 esse
916 2930 1044 2999 uolunt,
1071 2931 1177 2991 Deum
1201 2931 1349 2990 adorent.

261 3137 312 3197 77.
338 3137 400 3198 Sed
417 3138 475 3215 qui
500 3138 533 3198 in
551 3153 682 3198 summa
699 3138 905 3198 beatitudine
929 3155 1005 3199 esse
1022 3141 1148 3214 volunt,
1174 3141 1289 3200 vivum
1304 3139 1420 3217 Deum,
1447 3143 1504 3218 qui
1522 3143 1612 3203 omni
1636 3150 1767 3205 creatu-

215 3259 274 3305 rae
291 3245 396 3304 vitam
419 3243 605 3321 dispensat,
623 3249 657 3304 et
681 3245 737 3320 qui
756 3246 789 3304 in
806 3244 911 3304 coelis
935 3250 999 3319 est,
1017 3244 1167 3319 adorent,
1193 3260 1254 3304 nec
1275 3245 1376 3307 alium
1401 3262 1502 3322 quam
1527 3247 1637 3322 ipsum
1661 3249 1719 3325 qui
1737 3250 1769 3308 iu

214 3365 361 3427 superna
377 3350 485 3426 glorIa
503 3365 652 3425 monens,
670 3351 781 3411 omnia
798 3355 890 3410 recle
906 3349 1085 3426 dIsposuit,
1104 3356 1141 3410 ut
1157 3351 1334 3427 psalmista
1349 3351 1455 3411 David
1471 3351 1563 3412 dinit.
1580 3348 1604 3430 ⁵)

937 3557 1026 3619 LXV.

798 3765 979 3826 Psalmista
1001 3767 1042 3825 de
1065 3767 1189 3826 eodem.

260 3972 312 4034 78.
339 3974 427 4035 Deus
444 3981 556 4034 nutem
571 3981 684 4034 noster
700 3977 737 4034 iu
758 3975 860 4046 coelo,·
877 3975 988 4034 munia
1010 3992 1235 4051 quaecumque
1252 3974 1353 4032 voluit
1373 3975 1465 4052 fecit,
1485 3974 1672 4036 Simulucra
1686 3993 1765 4053 peu-

215 4083 301 4140 tium
318 4088 494 4158 arpentum
510 4087 541 4139 et
562 4099 700 4150 aurum,
718 4096 819 4156 opera
840 4097 1003 4137 manuum
1019 4081 1200 4140 homiuum.
1219 4078 1321 4152 Cujus
1346 4093 1467 4138 sensus
1491 4078 1570 4138 talis
1594 4085 1656 4140 est.
1676 4080 1763 4140 Deus

214 4187 285 4244 vita
303 4185 360 4243 illa
376 4189 429 4242 est
445 4198 531 4260 quae
554 4183 646 4243 nulla
664 4182 850 4258 inceptione
875 4183 1087 4256 obscuratur,
1105 4186 1138 4240 et
1155 4196 1241 4257 quae
1265 4183 1367 4241 ctiam
1384 4181 1475 4241 nulla
1496 4181 1682 4242 deiectione
1699 4188 1765 4243 ter·

212 4290 369 4348 minatur.
387 4287 427 4348 Et
452 4289 523 4364 ipse
541 4288 629 4348 Deus
652 4293 763 4346 noster
780 4295 838 4361 est,
865 4287 922 4361 qui
939 4287 1008 4346 vita
1032 4287 1190 4358 existens,
1218 4284 1460 4346 indeficientem
1482 4287 1587 4346 vitam
1611 4288 1683 4348 suis
1701 4290 1761 4350 tri-

211 4393 295 4476 buit.
313 4392 389 4467 Ipse
405 4393 507 4452 etiam
531 4395 567 4451 tu
584 4391 671 4452 coelo
694 4397 756 4460 est,
775 4391 904 4450 scilieet
930 4391 963 4450 in
979 4390 1133 4450 claritate
1159 4390 1227 4464 illa,
1249 4407 1350 4466 quam
1375 4391 1527 4451 mortalis
1552 4392 1650 4454 homo
1673 4410 1764 4455 com·

211 4497 418 4576 prehendere
435 4515 500 4558 non
516 4503 638 4575 potest,
657 4497 715 4557 sed
732 4513 818 4573 quae
835 4503 887 4556 est
904 4497 973 4556 vita
991 4497 1048 4556 illa
1065 4511 1151 4572 quae
1167 4496 1257 4556 vitae
1274 4496 1503 4556 habitaculum
1525 4496 1657 4557 iacitur.
1672 4481 1762 4560 Deus

210 4605 300 4663 enim
316 4602 412 4676 vivit,
429 4607 464 4663 et
479 4604 551 4662 suis
568 4601 672 4663 vitam
689 4601 757 4676 dat,
776 4617 814 4660 ac
832 4602 882 4660 eis
899 4602 1107 4660 mansionem
1125 4601 1156 4660 in
1174 4601 1243 4660 vita
1265 4599 1427 4660 concedit.
1445 4601 1485 4660 Et
1501 4601 1577 4676 quis
1595 4600 1658 4661 hoc
1675 4601 1762 4662 Iace-

213 4723 249 4767 re
272 4711 401 4783 potest,
431 4705 496 4766 nisi
520 4705 626 4765 Dens‘l
648 4705 884 4779 Quaecumque
907 4704 995 4762 enim
1019 4703 1107 4763 Deus
1136 4705 1169 4762 in
1193 4703 1401 4763 ordinatione
1425 4718 1486 4762 sua
1514 4703 1697 4778 disposuit,
1722 4719 1762 4764 eo

210 4813 315 4871 etiarn
330 4811 483 4888 perfecit,
501 4825 588 4886 quae
611 4827 697 4870 vana
714 4825 778 4869 non
795 4813 884 4882 sunt,
904 4809 991 4866 sicut
1015 4809 1237 4884 cogitationes
1259 4808 1429 4867 hominum
1453 4823 1559 4868 vanae
1577 4814 1666 4883 sunt;
1683 4811 1766 4885 quo

210 4917 302 4976 niam
319 4915 471 4976 homiues
496 4913 807 4991 incogitationibus
831 4913 903 4972 suis
921 4912 1026 4972 multa
1051 4913 1224 4989 incipiunt,
1242 4927 1328 4989 quae
1345 4911 1504 4988 perficere
1529 4929 1594 4972 non
1609 4921 1761 4990 possunt.

247 5103 269 5168 ¹l
284 5105 463 5176 nigerrimum
474 5101 581 5174 huam
593 5099 627 5158 Α.
641 5101 708 5166 -ll
721 5103 858 5156 mximas
869 5097 904 5161 Α,
918 5097 964 5153 W.
1005 5119 1073 5170 poa,
1089 5115 1141 5155 nec
1157 5115 1223 5155 sane
1238 5099 1283 5156 rel
1293 5099 1402 5171 priscos
1415 5097 1596 5172 apologistae,
1608 5101 1684 5158 viros
1697 5117 1762 5174 apo

244 5185 270 5251 ¹t
282 5191 353 5244 aaut
363 5187 409 5242 W.
425 5217 459 5229 —
471 5187 494 5256 ⁴)
507 5187 753 5245 mttnncbt'h'totem
764 5188 797 5243 Α.
1004 5185 1130 5248 stolicos.
1142 5185 1279 5241 dedecent
1295 5201 1326 5241 ea
1341 5200 1414 5256 quae
1426 5184 1474 5240 hic
1488 5191 1518 5242 et
1529 5202 1614 5260 supra
1625 5187 1659 5243 de
1672 5187 1762 5244 simu-

245 5275 269 5340 ὅ)
283 5273 328 5328 l's.
342 5269 445 5336 exul.
464 5278 488 5330 8.
502 5273 545 5330 Eu
561 5289 633 5330 nova
650 5273 833 5344 hildegardis
845 5277 967 5346 θιολιγώ
1004 5271 1088 5330 lacrIs
1101 5269 1267 5327 recitantur.

317 5382 491 5444 huebner.
518 5383 552 5442 T.
580 5382 706 5443 v111.3
