3998 6100
295 505 339 566 26
872 519 899 564 s.
925 518 1203 566 nrunncnnms

257 639 317 712 xit,
334 639 369 706 et
384 635 463 714 quia
479 633 630 710 angelica
646 633 814 709 praesidia
830 633 957 696 homini
974 633 1092 696 adesse
1107 634 1298 708 destinavit,
1316 637 1350 696 et
1367 635 1428 696 boc
1446 637 1513 698 tam
1530 635 1564 694 in
1581 627 1686 696 veteri
1704 643 1804 714 quatri

256 745 291 804 in
313 757 399 803 novo
420 740 632 800 Testamenta
648 737 738 812 lecit,
756 737 815 798 sed
832 741 942 800 tanmn
959 739 1086 815 maiore
1102 739 1281 800 dilectione
1298 740 1332 798 in
1348 755 1435 799 novo
1452 755 1552 816 quam
1570 740 1605 800 in
1622 741 1729 802 veteri
1744 741 1806 801 Te·

255 850 432 920 atamento,
456 859 516 904 eos
539 842 757 904 consociavit.
782 841 865 904 Nam
890 844 1030 918 angelus
1048 843 1082 904 in
1097 843 1205 904 veteri
1222 843 1434 904 Testamenta
1451 844 1544 906 velut
1559 860 1624 904 vox
1641 843 1681 904 ad
1699 843 1806 906 homi·

256 966 332 1012 nem
348 952 432 1024 erat,
451 948 485 1008 in
500 963 586 1009 novo
602 952 714 1010 autem
732 945 859 1008 bomini
877 947 922 1008 ita
938 947 1137 1024 conjunctus
1153 952 1219 1023 est,
1237 952 1275 1008 ut
1289 965 1353 1009 vox
1370 947 1477 1010 Verbo
1494 948 1716 1026 conjungitur.

990 1149 1073 1218 XLI.

799 1365 896 1426 Beati
919 1366 1058 1443 spiritua
1080 1367 1266 1426 unanimes,

298 1577 353 1640 54.
377 1572 470 1646 Quod
494 1572 605 1632 autem
630 1571 663 1632 in
687 1569 751 1630 hac
775 1569 872 1647 ignea
895 1569 983 1630 nube
1006 1570 1123 1630 vivens
1147 1569 1244 1646 ignea
1268 1563 1446 1632 multitudo
1470 1574 1534 1646 est,
1558 1569 1616 1646 qui
1633 1582 1749 1632 omnes
1765 1572 1800 1634 in

255 1695 322 1740 una
337 1677 508 1738 voluntate
525 1677 558 1736 et
575 1674 609 1735 in
624 1689 690 1734 uua
706 1673 938 1750 conjunctione
954 1673 1023 1735 vita
1039 1689 1104 1733 una
1121 1676 1209 1748 suut,
1227 1671 1369 1750 honest,
1387 1672 1475 1750 quod
1493 1673 1527 1734 in
1542 1673 1679 1736 ardente
1689 1676 1799 1752 gloria

252 1789 286 1846 et
310 1782 436 1843 honore
459 1780 576 1839 vivens
592 1779 626 1840 et
642 1776 763 1838 ardens
778 1777 946 1838 exercitus
963 1776 1137 1838 beatorum
1154 1778 1334 1852 spirituum
1351 1779 1413 1852 est;
1432 1792 1574 1853 quorum
1592 1778 1700 1853 gloria
1716 1778 1800 1840 inel-

253 1886 364 1950 labilis
387 1885 449 1959 ast,
474 1891 616 1960 quorum
640 1881 742 1942 etiam
766 1890 926 1940 numerus
951 1880 1205 1942 innumerabilis
1226 1882 1291 1958 est,
1317 1881 1363 1942 ita
1384 1880 1473 1958 quod
1489 1895 1665 1942 numerum
1680 1897 1797 1944 eorum

250 2005 347 2052 nemo
371 1987 447 2063 scit,
473 1986 538 2048 uisi
563 1983 651 2062 quod
675 1984 816 2046 scientia
839 1981 898 2044 Dei
922 1997 980 2044 eos
1004 1984 1107 2045 novit.
1123 1984 1163 2044 ut
1184 1985 1295 2046 omnia
1311 1999 1398 2061 quae
1414 1983 1502 2044 Deus
1519 1984 1592 2046 vult
1607 1990 1641 2044 et
1657 1985 1722 2064 ipsi
1738 1999 1797 2045 vo-

252 2097 336 2168 lunt,
360 2097 395 2152 et
418 2091 468 2151 sic
492 2090 526 2150 in
551 2104 651 2152 unum
676 2089 740 2149 sibi
764 2087 934 2164 conjuncti
959 2090 1048 2163 sunt,
1073 2088 1166 2149 velut
1189 2097 1312 2163 corpus
1336 2087 1425 2164 quod
1445 2103 1512 2148 nou
1527 2088 1699 2165 dividitur,
1716 2105 1794 2150 nam

249 2197 404 2276 quamvis
428 2194 578 2269 singulas
603 2191 707 2252 iacies
732 2191 887 2267 habeant,
913 2193 1024 2252 tamen
1048 2191 1082 2250 in
1106 2208 1170 2252 una
1194 2191 1426 2268 conJunoticne
1450 2192 1680 2252 unanimitatis
1703 2197 1793 2269 sunt,

249 2308 286 2363 ut
309 2315 441 2376 eorpus,
467 2295 555 2373 quod
579 2296 711 2371 singula
735 2295 885 2356 membra
905 2293 1044 2370 habens,
1064 2311 1164 2354 unum
1182 2299 1294 2355 tamen
1309 2310 1430 2372 corpus
1447 2298 1511 2372 eat3
1528 2298 1562 2356 et
1578 2296 1627 2358 sic
1642 2297 1711 2357 vita
1728 2311 1795 2358 una

247 2408 280 2466 in
296 2403 514 2465 unanimitate
533 2401 619 2460 sunt.

972 2491 1070 2564 XLII.

654 2701 742 2772 beas
762 2727 826 2788 per
849 2709 981 2787 anpeloa
1005 2725 1078 2768 suos
1102 2711 1250 2772 homines
1271 2711 1383 2789 punit.

286 2919 339 2990 55.
352 2915 392 2986 et
404 2931 517 2982 coram
534 2909 619 2994 ipsis
637 2917 762 2992 tabula,
780 2917 897 2992 pennis
914 2917 1059 2994 undique
1076 2917 1185 2994 plena,
1203 2919 1255 2978 est
1270 2932 1429 2996 expansa,
1447 2932 1533 2996 quae
1550 2917 1584 2978 in
1599 2918 1788 2996 praeceptis

242 3029 301 3092 Dei
325 3027 427 3099 volat;
452 3038 527 3083 cum
553 3021 627 3096 ipsa
644 3022 823 3096 praecepta
837 3019 897 3081 Dei
914 3021 1057 3095 elevant,
1075 3021 1231 3098 quoniam
1248 3027 1326 3084 ante
1341 3037 1398 3082 eos
1415 3023 1581 3082 secretum
1598 3022 1721 3084 divinia
1734 3022 1789 3098 jn·

240 3133 339 3194 diciis
363 3130 495 3207 plenum
520 3131 583 3186 est.
607 3124 700 3197 Quod
724 3127 758 3186 et
774 3123 956 3186 secundum
973 3125 1180 3186 voluntatem
1196 3123 1254 3186 Dei
1271 3123 1519 3202 manifestatur,
1536 3139 1612 3186 cum
1627 3126 1786 3186 voluntas

237 3237 296 3298 Dei
322 3232 402 3294 illud
426 3227 643 3290 manifestare
667 3227 822 3303 volucria
849 3227 883 3288 in
906 3244 972 3304 qua
997 3229 1138 3290 scientia
1154 3227 1213 3288 Dei
1229 3228 1392 3305 quaedam
1409 3243 1532 3288 arcana
1549 3229 1680 3306 scribit,
1696 3243 1784 3306 quae

237 3335 414 3400 multitudo
435 3334 517 3394 haec
534 3333 645 3393 studio
661 3347 726 3392 uno
745 3330 889 3406 inspicit,
906 3332 986 3409 quia
1002 3329 1090 3392 Deus
1107 3331 1141 3392 in
1157 3333 1287 3392 secreto
1303 3331 1445 3392 consilio
1462 3348 1523 3392 suo
1541 3332 1607 3392 alia
1623 3332 1785 3392 secretio·

238 3459 276 3505 ra
299 3440 439 3502 consilia
464 3437 580 3512 habet,
605 3451 690 3512 quae
714 3435 804 3496 beati
828 3435 968 3510 spiritus
993 3435 1240 3496 studiosissime
1264 3435 1449 3495 attendunt.
1474 3436 1555 3496 Nam
1580 3437 1681 3496 etiam
1706 3451 1782 3496 cum

235 3548 324 3607 Deus
341 3542 493 3604 homines
510 3540 600 3599 idola
614 3540 762 3599 colentes
779 3546 813 3598 et
829 3539 914 3598 alios
931 3539 1036 3615 legem
1055 3555 1149 3599 suam
1167 3540 1438 3615 praevaricantes
1455 3539 1588 3615 viderit,
1606 3555 1667 3615 per
1684 3541 1780 3616 ignea

233 3650 359 3728 judicia
384 3659 604 3722 supernorum
629 3643 764 3718 civium,
791 3643 825 3702 in
837 3658 959 3702 'amore
980 3643 1052 3720 ejus
1069 3641 1269 3719 ardentium,
1287 3659 1413 3720 pennas
1429 3649 1605 3704 ventorum
1623 3645 1784 3719 saepissi-

236 3769 288 3814 me
313 3752 447 3826 excitat,
472 3764 513 3810 ac
537 3747 670 3823 fulgura
694 3749 728 3806 et
751 3746 897 3807 tonitrua
921 3747 956 3806 in
980 3750 1104 3806 terram
1128 3746 1299 3823 mittitete
1323 3745 1410 3807 fame
1426 3749 1461 3807 et
1475 3748 1666 3822 pestilentia
1682 3753 1716 3807 et
1734 3748 1783 3806 in-

234 3857 391 3920 cursibus
415 3853 578 3915 bellorum
603 3851 744 3928 populos
768 3851 883 3925 terret,
908 3856 943 3912 et
966 3851 1016 3910 sic
1040 3852 1144 3912 totam
1169 3853 1293 3912 terram
1317 3851 1530 3914 interrorem
1547 3851 1780 3914 commotionis

235 3961 339 4022 ducit.

947 4051 1061 4120 XLlll.

670 4267 800 4330 Laudes
824 4265 1018 4344 anpelotam
1041 4267 1077 4326 in
1095 4261 1232 4342 iudiciis
1257 4267 1328 4330 Dei.

274 4479 327 4542 56.
352 4473 414 4537 Sed
439 4487 514 4536 cum
539 4475 648 4550 angeli
672 4473 788 4534 eadem
813 4472 941 4548 scripta
965 4471 1157 4549 inspiciunt,
1183 4475 1293 4534 virtus
1313 4473 1372 4535 Dei
1390 4473 1473 4550 ipsis
1490 4474 1559 4551 dat,
1577 4475 1665 4552 quod
1681 4475 1775 4538 volut

232 4583 418 4649 fortissima
433 4578 524 4654 tuba,
543 4579 681 4639 inomni
699 4593 820 4654 penore
838 4577 1054 4652 musicorum,
1074 4593 1137 4638 uno
1155 4594 1236 4638 sono
1254 4582 1422 4654 resonant;
1441 4579 1598 4658 quoniam
1615 4595 1690 4642 cum
1708 4580 1773 4656 ipsi

230 4691 436 4751 voluntatem
449 4685 508 4744 Dei
521 4683 747 4758 considerant,
764 4697 785 4742 a
799 4681 926 4742 virtute
942 4681 1042 4742 etiam
1057 4680 1115 4742 Dei
1128 4682 1306 4760 accipiunt,
1324 4684 1413 4760 quod
1430 4684 1462 4744 in
1480 4683 1673 4746 fortitudine
1689 4688 1722 4745 et
1738 4685 1775 4746 in

229 4791 433 4870 plenitudine
457 4788 604 4849 omnium
628 4785 826 4863 gaudiorum
851 4785 1053 4846 unanimiter
1077 4785 1192 4846 laudes
1208 4786 1275 4848 Deo
1293 4786 1451 4848 referunt.
1469 4789 1550 4850 Nam
1569 4789 1602 4848 in
1617 4789 1772 4850 omnibus

226 4897 362 4974 judiciis
385 4894 443 4954 Dei
467 4892 551 4952 nibil
575 4891 665 4952 aliud
690 4906 789 4967 quam
815 4889 931 4949 laudes
954 4889 1021 4949 Deo
1042 4887 1165 4950 dicunt.
1184 4890 1267 4962 Quia
1283 4891 1395 4952 omnia
1407 4891 1534 4968 judicia
1550 4892 1624 4952 eius
1640 4907 1721 4954 vera
1736 4896 1771 4952 ot

223 5003 315 5078 justa
332 5002 421 5071 sunt,
438 4997 530 5070 velut
547 4995 648 5054 etiam
664 4994 806 5055 loannes
824 4995 857 5054 in
874 4993 1074 5070 Apocalypsi
1091 5011 1152 5054 sua
1168 4993 1308 5070 audivit,
1327 5001 1365 5055 ut
1381 4996 1543 5070 scriptum
1560 5002 1613 5056 est
1628 4989 1663 5075 ¹),
1772 5065 1774 5072 y

264 5167 285 5236 't
298 5167 384 5239 spot.
400 5163 479 5227 xvi.
495 5169 519 5218 r.
