3998 6100
738 593 854 642 ursan
881 563 983 641 urum
1009 590 1241 640 unnmonuu

916 815 1044 880 XLllll.

669 1027 814 1090 loannes
838 1030 874 1088 in
898 1026 1097 1106 Apocalypsi
1120 1025 1161 1087 do
1177 1027 1300 1087 eodem.

254 1239 307 1304 5'l.
327 1239 492 1300 (Domine
507 1238 596 1300 Dens
612 1237 834 1313 omnipotens,
851 1251 933 1297 vera
949 1239 983 1297 et
996 1233 1087 1312 J'usta
1100 1235 1227 1311 judicia
1243 1237 1301 1296 tua
1319 1238 1435 1297 sunt.»
1455 1233 1556 1312 Culus
1573 1249 1694 1296 sensus
1707 1237 1756 1296 ta·

209 1343 251 1407 lis
263 1349 324 1406 ast.
342 1343 368 1405 0
384 1343 527 1419 domine,
542 1347 578 1404 tu
593 1341 824 1419 pertimerem
845 1340 1045 1415 «Dominus,
1062 1357 1078 1398 ι
1097 1353 1157 1416 per
1179 1353 1327 1400 amorem
1343 1339 1469 1414 «Deus,
1486 1355 1502 1397 ι
1521 1351 1581 1416 per
1604 1349 1755 1415 eompre-

209 1447 401 1509 hensionem
426 1447 573 1508 omnium
589 1445 861 1520 ‹omnipotens›
883 1443 1015 1505 dioeris.
1029 1443 1121 1506 Unde
1140 1459 1249 1504 «vera
1260 1445 1294 1504 et
1307 1443 1399 1521 justa
1412 1441 1538 1519 judicia
1554 1444 1613 1504 tua
1629 1445 1717 1518 sunt,
1735 1459 1751 1499 ι

207 1552 363 1628 quoniam
373 1566 474 1610 verus
487 1551 587 1611 timor
599 1557 677 1612 tuus
694 1564 809 1610 omnes
821 1549 960 1609 timores
973 1548 1129 1622 destruit,
1139 1554 1173 1608 et
1182 1563 1282 1608 verus
1295 1563 1390 1608 amor
1402 1553 1481 1607 tuus
1494 1561 1609 1606 omnes
1622 1561 1755 1606 amores

204 1653 332 1729 alligat,
346 1669 385 1714 ao
397 1669 479 1714 vera
492 1653 734 1731 omnipotentia
745 1654 803 1713 tua
817 1667 933 1714 omnes
946 1653 1132 1728 potestates
1145 1651 1312 1728 deprimit.
1326 1651 1408 1712 Nam
1421 1666 1497 1711 oum
1510 1648 1610 1710 homo
1623 1650 1658 1710 in
1674 1665 1751 1726 pro-

207 1757 372 1833 positione
397 1773 460 1818 sua
483 1757 618 1818 sibimet
642 1757 749 1833 legem
772 1757 822 1816 ita
844 1756 948 1832 ponit,
973 1755 1067 1816 velut
1089 1756 1161 1832 ipse
1179 1756 1314 1816 sibimet
1328 1755 1417 1816 Deus
1435 1755 1490 1830 sit,
1509 1760 1580 1814 tum
1597 1755 1628 1814 ei
1646 1760 1678 1815 te
1693 1768 1754 1829 per

202 1860 297 1938 Justa
309 1861 436 1937 judicia
451 1863 510 1922 tua
525 1860 686 1935 ostendis,
706 1863 742 1920 ut
758 1860 843 1921 soiat
858 1860 938 1936 quia
953 1865 1071 1921 eontra
1086 1865 1118 1919 te
1135 1859 1218 1919 nihil
1234 1860 1353 1935 possit.
1372 1860 1454 1920 Cum
1479 1858 1579 1919 etiam
1604 1871 1753 1917 amorem

206 1963 318 2024 earnis
334 1979 416 2024 suaa
430 1963 522 2040 jnsto
539 1964 647 2023 amori
664 1965 720 2024 tuo
737 1965 931 2040 praeponit,
949 1969 1029 2024 tuno
1045 1978 1193 2022 amorem
1209 1962 1305 2022 illurn
1323 1963 1356 2022 in
1373 1965 1445 2040 ipso
1462 1978 1538 2022 eum
1562 1960 1757 2023 amaritudi-

204 2081 246 2126 ne
262 2065 414 2127 dolorum
433 2067 482 2126 sio
499 2067 687 2143 conculcat,
706 2067 796 2144 quod
811 2080 993 2144 numquam
1010 2066 1077 2127 nisi
1093 2081 1153 2142 per
1168 2071 1201 2127 te
1217 2067 1457 2128 consolabitur.
1475 2059 1538 2126 Sed
1554 2071 1588 2127 et
1604 2081 1679 2126 oum
1697 2065 1755 2126 lro·

200 2181 259 2231 nio
276 2169 310 2230 in
325 2171 648 2247 praevaricationem
663 2164 686 2250 ¹)
703 2176 959 2248 praeceptorum
976 2172 1109 2231 tuorum
1127 2171 1332 2247 pervenerit,
1352 2172 1431 2232 item
1455 2171 1543 2248 quod
1568 2172 1752 2232 simulacra

201 2285 266 2350 pro
287 2274 423 2334 nomine
446 2250 504 2336 t'uo
527 2275 617 2349 oolit,
644 2279 724 2335 tuno
744 2274 836 2350 iusto
857 2274 983 2352 iudicio
1007 2276 1124 2336 eontra
1147 2275 1319 2334 lnimioum
1335 2276 1427 2335 tuum
1445 2276 1623 2352 praeliavit
1637 2273 1676 2354 ¹),
1694 2277 1752 2353 qui

202 2391 224 2436 a
246 2377 356 2454 prima
377 2379 567 2456 lnoeptione
590 2393 654 2440 sua
669 2377 796 2440 homini
811 2381 991 2456 persuasit,
1009 2379 1098 2457 quod
1115 2385 1148 2439 te
1165 2393 1226 2455 pro
1241 2379 1346 2440 nihilo
1360 2381 1539 2456 computet.
1556 2379 1597 2440 Et
1613 2385 1693 2440 tuno
1716 2381 1750 2441 iu

76 2473 79 2480 ’
202 2475 368 2561 terram’)
387 2481 521 2558 fulgura
537 2485 570 2544 et
586 2483 736 2544 tonitrua
752 2483 869 2558 mittis,
887 2489 921 2544 et
936 2497 976 2545 ax
993 2484 1091 2560 aquis
1107 2483 1269 2543 diluvium
1288 2481 1415 2559 tunila,
1434 2497 1473 2544 ao
1490 2483 1632 2544 interra
1655 2485 1753 2546 steri·

198 2583 331 2644 'litatem
348 2599 424 2646 esso
438 2587 552 2663 jubes,
567 2591 601 2648 et
617 2588 719 2648 etiam
735 2588 871 2649 morbos
886 2591 921 2648 et
944 2587 1073 2665 praelia
1096 2587 1288 2648 hominibus
1310 2586 1454 2662 inducis,
1478 2591 1517 2649 ut
1540 2588 1648 2648 selant
1671 2589 1751 2665 quia

201 2687 268 2748 ista
290 2700 351 2766 per
373 2690 501 2752 nullum
526 2691 592 2752 uisi
616 2705 677 2768 per
700 2696 734 2752 te
758 2691 830 2752 lieri
853 2697 1008 2768 possunt,
1033 2693 1071 2753 ut
1087 2697 1120 2751 et
1134 2691 1262 2768 judicia
1279 2697 1337 2752 tua
1352 2705 1434 2752 vora
1449 2697 1483 2752 et
1496 2691 1590 2767 justa
1605 2705 1680 2753 esse
1697 2707 1751 2752 oo-

203 2795 375 2864 gnosoant.

922 2895 1016 2962 XLV.

577 3106 666 3168 Deus
689 3107 727 3168 ab
751 3108 877 3185 anneta
901 3113 933 3166 et
957 3107 1141 3170 horninibus
1166 3109 1365 3171 laudandus.

246 3308 300 3372 58,
317 3309 492 3372 Multitudo
508 3327 644 3390 quoque
657 3315 852 3390 angelorum
869 3313 956 3376 bona
972 3326 1074 3392 opera
1091 3315 1260 3377 hominum
1275 3317 1405 3392 laudat,
1423 3323 1457 3377 et
1473 3324 1610 3395 propter
1626 3319 1742 3380 eadem

198 3427 300 3489 opera
321 3428 385 3474 neo
408 3411 500 3476 horis
523 3430 585 3475 neo
608 3419 785 3478 momentis
801 3433 822 3478 a
838 3418 993 3479 laudibus
1010 3426 1136 3494 cessat,
1156 3420 1214 3480 sed
1232 3422 1265 3482 in
1281 3423 1331 3482 eis
1349 3420 1542 3498 frequenter
1558 3424 1664 3506 sonat3
1681 3437 1746 3482 neo

201 3514 236 3575 in
252 3514 419 3578 mennam
437 3518 525 3579 lacit.
542 3518 795 3598 nauseamque
818 3522 861 3583 ab
884 3523 1013 3598 angelis
1039 3523 1168 3586 laudari
1191 3525 1280 3600 vult,
1306 3531 1472 3602 quatenus
1496 3539 1612 3588 eorum
1636 3525 1744 3606 gloria

196 3619 448 3698 multiplioetur,
465 3628 499 3682 et
515 3621 660 3685 nonsibi
676 3625 796 3702 planet.
813 3626 905 3688 Unde
922 3627 1022 3687 etiam
1040 3629 1112 3688 vult
1128 3631 1166 3689 ut
1181 3643 1284 3706 opera
1300 3637 1493 3694 sanctorum
1509 3630 1693 3707 abangelis
1704 3631 1740 3690 in

196 3721 351 3784 laudibus
375 3723 440 3786 sibi
463 3725 658 3788 deierantur
680 3730 714 3790 et
736 3729 1004 3806 manifestentur,
1022 3733 1103 3808 qula
1119 3731 1217 3795 homo
1235 3747 1322 3809 opus
1335 3731 1378 3799 ad
1394 3733 1574 3810 imaginem
1589 3739 1622 3794 et
1639 3733 1680 3795 ad
1698 3733 1742 3796 sl-

195 3825 414 3890 militudinem
438 3828 497 3892 liei
520 3836 583 3906 est;
608 3837 642 3892 et
658 3833 702 3894 ob
718 3833 780 3894 hoc
796 3835 897 3895 etiam
913 3837 986 3895 vult
1002 3839 1039 3896 ut
1055 3836 1144 3898 bona
1159 3852 1261 3914 opera
1278 3837 1422 3898 hominis
1438 3847 1551 3897 eoram
1568 3850 1607 3897 eo
1624 3838 1667 3898 ab
1682 3851 1740 3898 au-
1812 3877 1814 3884 -

184 3930 279 4004 pelis
302 3929 489 3994 laudentur.
514 3931 577 3994 Sed
600 3937 681 4012 quia
704 3935 803 3999 lromo
829 3953 890 4014 per
906 3939 1109 4016 adjutorium
1126 3939 1185 4000 Dei
1202 3943 1422 4015 sustentatur,
1440 3940 1514 4002 ideo
1531 3941 1633 4002 etiam
1648 3941 1738 4002 Deus

194 4031 238 4096 ab
254 4033 456 4113 hominibus,
474 4037 562 4100 siout
579 4039 625 4101 ab
640 4041 779 4117 angelis,
799 4042 929 4103 laudari
945 4044 1029 4118 vult,
1046 4047 1133 4104 utet
1150 4057 1266 4104 eorum
1284 4044 1392 4120 gloria
1406 4045 1649 4120 magnificetur.

909 4245 1018 4310 XLVI.

656 4456 787 4517 Arcana
810 4457 871 4518 Dei
894 4457 1019 4518 homini
1043 4459 1281 4520 inscrutabilia.

236 4657 290 4719 59.
316 4658 370 4719 Sio
392 4660 480 4720 Deus
504 4661 615 4723 omnia
640 4669 731 4724 reete
754 4664 939 4726 constituit.
953 4665 1046 4726 istud
1063 4669 1173 4727 autern
1190 4667 1231 4727 de
1248 4669 1399 4728 aroarnis
1414 4668 1489 4744 Dei,
1507 4669 1643 4744 quaein
1660 4685 1737 4731 eon-

193 4768 308 4839 speotu
332 4763 406 4840 ejus
430 4764 655 4842 resplendent,
680 4766 806 4828 dietum
831 4775 894 4844 est,
920 4785 1007 4846 quae
1031 4771 1191 4832 scientiae
1208 4771 1353 4832 hominis
1370 4772 1627 4834 innumerabilia
1643 4780 1732 4851 sunt;

189 4863 321 4926 scilieet
344 4867 376 4926 in
400 4868 540 4944 angelis,
564 4868 599 4928 in
623 4869 810 4946 spiritibus,
835 4871 869 4932 iu
893 4872 1057 4934 ministris
1079 4869 1116 4953 ⁴),
1142 4875 1176 4934 in
1199 4875 1477 4950 vociferantibus,
1503 4880 1536 4934 et
1562 4877 1593 4935 in
1610 4875 1732 4954 gaudio

189 4966 430 5044 gaudentibus3
448 4973 482 5032 et
498 4987 584 5048 quae
601 4974 760 5034 scientiae
776 4975 848 5036 eius
867 4975 1035 5053 inoognita
1051 4983 1139 5054 sunt,
1158 4980 1213 5056 qui
1231 4984 1265 5038 et
1280 4980 1397 5056 quales
1415 4977 1492 5053 sint,
1510 4983 1544 5038 et
1568 4969 1734 5056 quomodo

227 5149 251 5217 Ι)
264 5158 503 5226 praevaricatione
520 5159 554 5215 lt.
576 5159 642 5228 Δ)
657 5157 776 5232 Aliquid
787 5159 941 5218 desiderari
978 5168 1056 5222 mmo
1067 5167 1234 5239 omoeptioae
1245 5183 1296 5222 sao
1308 5167 1342 5223 Α.
1355 5197 1389 5207 -
1401 5165 1423 5235 ³)
1437 5171 1468 5224 ιἰι
1480 5164 1609 5224 arrow.
1625 5196 1659 5208 -
1672 5165 1693 5235 ‘J
1706 5173 1731 5223 et

192 5234 306 5294 ridetur
319 5239 367 5298 hic
380 5244 409 5296 ot
423 5239 453 5298 in
463 5243 592 5316 pmxime
602 5246 799 5318 sequentibus,
811 5279 844 5289 -
854 5265 941 5322 apro
980 5254 1011 5306 ιἰι
1022 5254 1155 5308 ministris
1167 5251 1212 5308 W.
