3998 6100
771 512 892 561 arran
919 511 1020 557 virm
1047 507 1252 556 nsnrronu
1707 485 1749 548 te

232 635 346 698 uitatis
369 633 474 696 novit.
498 631 583 694 Nam
604 627 693 692 Deus
711 643 813 706 super
829 627 941 690 omnia
957 631 991 686 et
1008 627 1042 686 in
1058 624 1213 686 omnibus
1228 619 1533 682 excellentissimus
1548 623 1611 695 cst,
1629 617 1676 680 ita
1692 622 1781 698 quod

231 755 294 802 nec
318 740 439 816 angeli,
464 752 525 798 nec
549 735 679 796 animae
700 733 870 810 iustorum
893 747 970 792 eum
994 730 1035 790 ad
1059 729 1157 790 linem
1174 727 1356 804 perducere
1372 729 1523 802 possunt.
1540 723 1586 783 Ex
1603 724 1677 799 ipso
1692 726 1781 785 enim

232 843 344 903 omnia
371 839 519 901 viventia
544 836 745 914 procedunt,
774 851 835 896 nec
860 835 932 911 ipsc
956 833 1177 910 inceptionem
1201 828 1358 906 principii
1378 827 1491 902 babet,
1509 826 1568 887 sed
1585 826 1678 887 solus
1695 828 1729 887 in
1744 843 1781 888 se

231 949 416 1021 permanet;
441 957 519 1002 narn
544 942 577 1000 in
601 955 637 999 se
660 940 757 1014 vivit,
783 939 817 998 in
841 953 878 998 se
901 941 1025 1012 potest,
1045 935 1079 995 in
1095 949 1131 994 se
1147 939 1181 994 et
1197 933 1272 992 scit.
1289 931 1352 1002 Qui
1369 930 1465 1004 vivit,
1483 930 1590 1005 etqui
1606 934 1729 1006 potest,
1747 937 1781 991 et

231 1049 292 1124 qui
315 1049 392 1122 scit,
416 1045 505 1106 Deus
528 1051 592 1120 est;
618 1059 658 1104 ac
682 1043 716 1102 in
730 1040 794 1101 'bis
815 1041 924 1101 tribus
940 1039 1070 1100 viribus
1085 1031 1108 1117 ¹)
1127 1037 1240 1097 omnia
1255 1049 1357 1112 opera
1372 1032 1432 1093 Dei
1447 1031 1607 1093 distincta
1625 1039 1658 1092 et
1673 1032 1781 1110 perle-

230 1157 286 1212 cta
302 1156 391 1227 sunt,
409 1155 443 1212 et
460 1151 494 1210 in
510 1149 584 1225 ipso
601 1163 703 1225 opera
719 1146 792 1223 ejus
812 1143 1075 1222 possibilitatem
1091 1139 1252 1217 operandi
1267 1139 1402 1199 habent.

960 1349 1054 1412 XXV.

782 1559 871 1621 Deus
894 1559 981 1636 ipatia
1004 1573 1145 1636 operetta
1169 1561 1228 1617 est.

271 1767 326 1829 37.
343 1767 384 1828 Et
399 1766 487 1828 Deus
504 1772 661 1828 aeternus
677 1771 742 1842 est,
756 1772 791 1827 ct
806 1764 989 1826 aeternitas
1006 1763 1093 1841 ignis
1110 1769 1174 1839 cst,
1188 1769 1222 1824 et
1239 1762 1293 1824 hic
1305 1763 1394 1824 Deus
1409 1770 1473 1826 est.
1485 1764 1526 1826 Et
1541 1765 1629 1827 Deus
1647 1775 1780 1831 nonest

226 1871 316 1949 ignis
339 1873 537 1948 absconsus,
563 1887 624 1932 nec
649 1871 735 1948 ignis
760 1875 887 1944 tacens,
913 1867 972 1930 sed
990 1869 1077 1945 ignis
1094 1883 1237 1944 operans
1253 1874 1317 1943 est,
1336 1869 1415 1945 qula
1431 1875 1583 1946 potestas
1599 1871 1658 1933 Dei
1676 1889 1779 1949 supra

230 1989 365 2034 omnem
382 1973 588 2035 intellectum
604 1978 639 2033 et
661 1973 898 2048 cogitationem
922 1976 1166 2046 creaturarum,
1193 1971 1226 2030 in
1249 1971 1404 2032 claritate
1420 1974 1659 2048 mysteriorum
1675 1980 1710 2036 et
1726 1992 1778 2036 se·

225 2083 395 2140 oratorum
409 2095 558 2154 suorum,
573 2079 685 2138 omnia
697 2076 878 2154 disponens
895 2080 929 2135 et
945 2075 1057 2136 omnia
1074 2089 1195 2150 regens
1211 2081 1274 2150 est,
1294 2080 1330 2136 ut
1347 2082 1447 2152 caput
1464 2082 1570 2139 totum
1587 2094 1710 2156 corpus
1727 2095 1778 2140 re·

225 2179 284 2257 git:
310 2181 469 2258 quoniam
492 2180 727 2241 rationabilem
750 2180 856 2240 vitam
880 2177 971 2252 lacit,
997 2177 1139 2253 scilicet,
1162 2193 1239 2237 cum
1260 2178 1348 2238 oculi
1365 2179 1490 2254 vident,
1508 2196 1608 2241 aures
1625 2182 1775 2260 audiunt,

224 2303 324 2348 nares
340 2285 492 2362 odorant,
509 2293 544 2346 et
558 2285 632 2362 ejus
648 2300 687 2346 os
703 2284 806 2345 verba
824 2284 858 2343 in
875 2277 1136 2344 rationabilitate
1152 2281 1290 2358 profert.
1308 2282 1397 2342 Deus
1413 2298 1493 2359 ergo
1510 2291 1610 2362 caput
1626 2287 1776 2348 omnium

223 2389 371 2450 fidelium
387 2396 450 2467 est,
469 2389 528 2451 sod
552 2396 665 2451 tamen
688 2389 799 2450 omnia
815 2405 881 2449 non
899 2387 1058 2462 ostendit,
1077 2402 1163 2463 quae
1180 2387 1214 2446 in
1231 2392 1361 2448 secreto
1378 2389 1571 2451 Divinitatis
1588 2399 1677 2468 sunt,
1695 2411 1778 2472 quo-

222 2496 314 2556 niam
337 2497 371 2555 in
394 2510 433 2556 eo
458 2511 581 2556 arcana
604 2495 675 2555 vita
699 2493 915 2570 absconditae
938 2493 1029 2552 vitae
1051 2497 1116 2563 est,
1135 2492 1223 2551 sicut
1239 2493 1342 2552 etiam
1360 2511 1376 2550 ι
1395 2494 1569 2555 ministros
1586 2512 1666 2556 suos
1684 2497 1777 2558 llam-

226 2614 316 2660 mam
339 2599 427 2675 ignis
449 2595 475 2678 ²)
501 2614 577 2659 cum
598 2597 724 2675 judicio
751 2597 877 2658 tacit.»
903 2596 986 2656 Nam
1007 2595 1170 2671 judicium
1194 2596 1288 2672 prius
1311 2596 1446 2657 auditur
1466 2576 1654 2677 ouamfiat,
1673 2602 1773 2664 sicin

221 2700 288 2763 Deo
312 2709 375 2764 est.
400 2703 477 2778 lpse
501 2703 605 2764 ctiam
629 2707 705 2764 ante
729 2701 861 2777 Legem,
886 2699 979 2760 velut
1000 2705 1077 2760 ante
1093 2699 1251 2760 humeros
1268 2716 1361 2774 succ,
1380 2699 1532 2762 homines
1547 2703 1606 2780 qui
1623 2709 1699 2764 ante
1715 2705 1774 2765 Le-

221 2811 420 2882 gemerent,
439 2822 529 2883 aqua
552 2812 586 2866 et
609 2807 685 2882 igne
709 2805 923 2879 examinavit,
945 2805 1104 2880 quoniam
1121 2804 1187 2864 alia
1204 2805 1276 2880 lege
1293 2806 1474 2866 examinati
1490 2823 1555 2868 non
1571 2815 1659 2871 sunt.
1676 2809 1774 2872 Dein·

221 2907 263 2970 de
279 2917 391 2970 autem
409 2912 443 2970 in
467 2912 564 2987 Lege,
589 2910 695 2970 variis
719 2915 753 2970 ot
776 2908 871 2968 duris
893 2907 1174 2984 castigationibus
1190 2923 1249 2968 eos
1266 2909 1435 2985 purgavit,
1453 2911 1541 2986 quod
1557 2914 1772 2989 postmodum

219 3013 323 3074 etiam
346 3020 454 3076 totum
479 3014 676 3090 complevit,
703 3027 779 3073 cum
804 3013 876 3088 ipse
899 3010 999 3072 homo
1024 3010 1145 3087 factus,
1170 3011 1346 3072 Diabolum
1370 3013 1404 3074 in
1428 3012 1623 3076 fortitudine
1640 3034 1702 3078 sua
1717 3018 1773 3079 de-

219 3118 353 3194 struxit,
379 3123 413 3177 ct
436 3117 607 3178 bominem
631 3135 650 3178 a
675 3117 833 3177 sordibus
856 3121 1072 3193 peccatorum
1097 3132 1234 3177 suorum
1259 3118 1440 3179 clementer
1462 3135 1523 3196 per
1543 3134 1658 3183 veram
1671 3123 1771 3200 justi-

218 3219 302 3282 tiam
317 3220 523 3296 emundavit,
541 3225 579 3282 ut
594 3219 758 3299 propbeta
774 3219 866 3281 dicit:
887 3237 903 3278 ι
923 3218 1027 3296 Cuius
1042 3225 1194 3298 potestas
1212 3235 1314 3296 super
1329 3220 1505 3281 humerum
1522 3222 1606 3299 ejus.
1626 3241 1642 3282 ι
1661 3219 1686 3304 ⁵)

938 3426 1045 3488 XXVI.
1064 3447 1066 3450 ·

871 3630 973 3694 Verba
995 3633 1112 3694 Isaiae.

256 3842 311 3905 38.
330 3845 433 3920 Cujus
449 3858 570 3905 sensus
583 3843 662 3904 talis
678 3847 740 3904 est.
757 3840 893 3903 lustitia
910 3841 944 3902 in
959 3845 1127 3918 potestate
1139 3841 1198 3902 Ilei
1214 3859 1275 3920 per
1291 3843 1460 3909 bominem
1476 3858 1642 3936 apparuit,
1657 3879 1762 3940 quan.

216 3943 259 4008 do
273 3947 362 4007 Deus
378 3947 477 4010 bomo
501 3948 679 4024 processit,
703 3947 773 4022 ubi,
789 3946 883 4008 velut
900 3946 934 4006 in
949 3945 1090 4006 humero
1107 3946 1314 4010 fortitudinis
1331 3967 1423 4028 suae,
1442 3971 1545 4032 opera
1559 3961 1690 4030 Diaboli
1707 3973 1763 4035 de.

214 4055 348 4128 struxit,
373 4069 413 4114 ac
436 4054 603 4114 internum
626 4053 844 4131 despoliavit;
869 4058 904 4112 et
928 4052 985 4114 ubi
1000 4068 1061 4129 per
1077 4055 1249 4130 apostolos
1266 4071 1346 4118 suos
1363 4059 1562 4136 baptizando
1579 4070 1612 4131 in
1628 4090 1762 4144 omnem

213 4157 339 4216 terram
356 4157 479 4217 sonuit.
496 4156 585 4217 Deus
600 4157 690 4216 enim
704 4155 873 4232 justitiam
890 4162 1029 4233 propter
1045 4156 1214 4217 hominem
1231 4158 1264 4217 in
1280 4164 1462 4240 semetipso
1478 4170 1630 4252 perfecit,
1648 4183 1763 4256 quide

212 4261 292 4325 limo
317 4264 480 4326 formatus
498 4267 531 4326 in
547 4267 789 4328 mortalitatem
803 4265 937 4328 cecidit.
955 4265 1030 4342 lpse
1047 4283 1192 4344 namque
1209 4268 1307 4330 homo
1326 4271 1360 4331 in
1379 4274 1488 4349 primo
1505 4279 1587 4342 llore
1602 4293 1764 4360 germinis

212 4379 272 4441 per
283 4365 459 4428 lliabolum
471 4369 631 4430 seductus
642 4375 706 4444 est;
719 4370 778 4446 qui
794 4370 930 4430 vulvam
943 4386 1040 4428 suam
1053 4371 1218 4446 aperiens,
1236 4387 1352 4434 omnes
1369 4381 1551 4452 spurcitias
1567 4385 1602 4446 in
1617 4398 1759 4462 materia

211 4485 273 4532 sua
294 4475 472 4550 eructavit;
498 4475 583 4536 unde
606 4477 709 4538 etiam
725 4493 841 4538 omnes
858 4477 945 4538 lilios
961 4477 1133 4540 hominum
1150 4480 1297 4556 denotat,
1316 4485 1474 4560 quoniam
1492 4491 1664 4562 luxurioso
1678 4505 1758 4583 igno

212 4589 377 4638 venenose
400 4579 619 4643 seminantur.
643 4579 732 4642 Deus
753 4586 866 4642 autem
888 4581 922 4641 in
938 4581 1068 4658 integra
1083 4584 1240 4660 virginali
1257 4601 1359 4648 carne
1375 4604 1435 4665 per
1451 4593 1599 4659 calorem
1615 4601 1759 4680 Spiritus

247 4809 270 4878 ¹)
280 4811 465 4885 lortjcrabar
474 4816 508 4874 t.
517 4820 581 4886 ..n
593 4819 636 4876 Pa.
647 4818 763 4884 Glll‚ut
772 4835 816 4891 ep.
829 4817 864 4874 ad
874 4817 963 4874 Hebr.
1003 4815 1105 4886 logiam
1120 4817 1292 4889 aggreditur,
1301 4835 1455 4896 gravesque
1465 4830 1635 4896 pronunciat
1644 4837 1758 4909 dogma.

214 4899 241 4996 i.
255 4901 280 4954 Ἰ.
295 4929 330 4998 ⁸.-
342 4898 365 4967 8)
377 4899 414 4957 la.
429 4901 482 4967 lx,
496 4908 522 4959 t.
538 4935 571 4945 -
583 4903 700 4974 Tragica
719 4909 782 4976 post
795 4905 965 4976 spectacula,
1004 4905 1075 4963 tices
1088 4909 1253 4974 sententias,
1269 4912 1374 4982 quibus
1393 4919 1516 4973 caeteros
1535 4917 1612 4978 inter
1630 4925 1758 5004 Scriptu-

212 4999 243 5039 ιιι
261 4986 367 5055 quibua
379 4991 458 5044 rates
471 4995 567 5046 nostra
580 4990 654 5046 nulli
667 4995 766 5063 poetae
780 4990 870 5062 impar
883 4987 967 5046 lacilc
1003 5009 1051 5051 rae
1067 4995 1237 5069 interpretes
1256 4999 1330 5055 haud
1350 5000 1481 5056 ultimam
1505 5004 1598 5062 sedem
1619 5016 1757 5077 nancisci-

209 5067 415 5168 cslenderetun
428 5073 451 5130 ci
461 5074 526 5146 quis
537 5075 615 5133 locus
628 5081 702 5133 essct
714 5076 883 5134 academicis
895 5092 967 5148 quae
1006 5085 1060 5137 tur.
1076 5081 1130 5138 Sed
1144 5099 1235 5156 neque
1252 5083 1339 5140 ctiam
1352 5086 1443 5143 nostri
1456 5093 1500 5144 est
1513 5089 1643 5152 instituti
1655 5115 1755 5164 arcana

209 5153 346 5216 &cuntur
362 5161 517 5234 paradella,
538 5177 616 5220 nunc
635 5163 741 5236 maiora
754 5180 868 5232 canons,
889 5167 967 5225 theo·
1004 5167 1073 5226 baec
1085 5168 1184 5226 rimari
1197 5170 1365 5240 dogmatica.
1380 5171 1467 5230 Caute
1480 5177 1617 5234 nonnulla
1630 5180 1699 5254 lego.
