3998 6100
717 601 836 648 arnan
865 601 968 648 vrrn
996 597 1237 648 uenrronuu
1671 581 1712 640 ‘29

196 737 282 799 rum,
300 737 385 800 quas
401 723 487 786 bona
503 726 537 782 et
554 725 672 782 saneta
688 737 790 796 opera
807 721 872 782 sibi
888 723 1103 796 paraverunt,
1120 719 1213 793 ipsae
1229 716 1362 776 animae
1375 716 1569 774 sanctorum
1583 717 1673 786 sunt,
1688 713 1746 788 qui

197 825 231 884 in
247 825 345 886 beata
360 825 431 887 vita
444 827 572 900 vivunt,
589 832 624 886 et
640 825 698 902 qui
715 823 975 886 innumerabiles
993 823 1027 882 in
1043 837 1181 882 numero
1200 819 1370 880 bominum
1388 823 1477 892 sunt,
1500 817 1658 893 quoniam
1683 830 1743 874 nu·

201 945 330 990 merum
346 945 462 991 eorum
479 943 576 990 nemo
592 929 658 990 nisi
673 928 763 988 Deus
779 928 881 990 novit.

949 1139 983 1199 L.

559 1353 700 1414 Animae
726 1353 923 1414 sanciatam
947 1367 1083 1428 corpora
1106 1349 1391 1410 condesiderant.

241 1567 294 1627 63.
311 1567 351 1626 Et
367 1581 466 1627 voces
481 1582 598 1627 eorum
615 1572 693 1628 sunt
710 1572 747 1626 ut
763 1582 865 1628 sonus
881 1581 1044 1644 aquarum
1061 1566 1252 1640 multarum,
1271 1563 1428 1641 quoniam
1447 1559 1480 1620 in
1497 1557 1652 1620 laudibus
1669 1557 1742 1618 suis

197 1669 232 1730 in
249 1671 468 1731 unanimitate
485 1672 585 1732 unius
601 1673 688 1748 soni,
706 1677 739 1731 et
755 1671 855 1732 unius
871 1671 1056 1732 voluntatis
1073 1668 1219 1746 spiritali
1235 1667 1429 1745 spiramine,
1448 1672 1484 1726 ut
1500 1679 1607 1741 aquae
1623 1661 1744 1723 salutis

197 1783 328 1853 sonant,
345 1784 379 1838 et
395 1778 510 1840 dieunt
526 1778 616 1856 quod
632 1793 774 1854 corpora
790 1777 972 1839 secundum
989 1779 1196 1838 voluntatem
1212 1776 1271 1836 Dei
1287 1774 1412 1836 dudum
1430 1771 1638 1845 habuissent,
1656 1782 1743 1844 quae

195 1881 352 1958 quamvis
368 1881 402 1941 in
417 1883 563 1942 cinerem
581 1897 680 1943 versa
696 1883 775 1960 sint,
801 1898 841 1944 ea
858 1889 970 1944 tamen
994 1883 1143 1957 recipere
1167 1880 1369 1956 desiderant,
1395 1886 1433 1939 ut
1456 1881 1549 1940 tanto
1566 1876 1642 1952 plus
1663 1887 1738 1934 cum

199 1983 268 2044 illis
284 1984 460 2076 gaudeant.

940 2087 988 2148 Ll.

533 2298 675 2358 Animae
700 2314 837 2376 corpora
860 2315 922 2358 aaa
943 2299 981 2358 in
1003 2299 1068 2378 {ine
1091 2297 1211 2358 mandi
1234 2297 1407 2374 recipient.

241 2506 294 2567 64.
312 2505 376 2568 Sed
392 2507 435 2568 ab
451 2507 521 2567 illis
537 2507 595 2584 qui
613 2508 647 2569 in
662 2513 846 2584 conspeetu
860 2508 920 2570 Dei
937 2509 970 2569 in
987 2523 1101 2570 amore
1118 2508 1191 2586 eius
1207 2507 1335 2582 ardent,
1350 2517 1547 2582 responsum
1560 2497 1740 2574 accipiunt,

194 2612 283 2690 quod
299 2612 415 2673 eadem
433 2611 626 2676 habitacula
643 2631 708 2674 non
726 2615 889 2690 recipiant
913 2621 990 2675 ante
1007 2614 1155 2674 divinam
1177 2613 1379 2690 jussionem,
1404 2615 1438 2669 et
1455 2609 1531 2668 ante
1554 2603 1745 2665 concussio·

195 2733 271 2779 nem
295 2718 547 2794 elementorum,
573 2735 648 2780 cum
675 2719 880 2781 fortissimus
898 2720 986 2798 ignis
1011 2721 1176 2780 elementa
1199 2717 1367 2794 purgabit,
1392 2715 1451 2776 ubi
1472 2713 1562 2773 Deus
1586 2723 1740 2786 magnam

194 2822 376 2899 potentiam
401 2838 496 2883 suam
521 2822 760 2886 manifestabit.
783 2823 867 2885 Nam
884 2839 949 2886 vox
970 2823 1030 2884 Dei
1054 2839 1170 2884 omnes
1194 2828 1346 2882 mortuos
1363 2823 1431 2880 tam
1456 2814 1618 2890 reprobos
1636 2824 1737 2888 quam

190 2927 317 2986 electos
333 2927 522 3004 suscitabit,
548 2932 582 2987 et
607 2934 686 2989 tunc
710 2943 786 2989 cum
805 2929 1005 3004 corporibus
1022 2929 1093 2988 suis
1118 2927 1159 2988 ad
1178 2926 1410 2988 aeternitatem
1427 2925 1577 2998 surgent,
1602 2916 1682 3020 quia
1698 2913 1740 2975 ad

195 3031 498 3092 incommutabilem
515 3032 620 3093 vitam
636 3047 778 3108 corpore
793 3047 909 3093 eorum
925 3033 1155 3108 mutabuntur,
1173 3047 1248 3092 eum
1266 3033 1456 3105 resurgunt,
1478 3023 1633 3104 quamvis
1648 3033 1741 3080 mors

196 3139 280 3198 istos
296 3143 331 3198 et
347 3138 501 3214 quamvis
518 3137 616 3200 beata
631 3137 702 3198 vita
718 3137 795 3199 illos
812 3138 962 3216 recipiat.

933 3349 998 3411 LII.

541 3555 679 3619 laetitia
702 3560 739 3620 ia
765 3557 891 3622 Christo
914 3564 1029 3620 cantra
1052 3557 1225 3622 mnrium
1245 3563 1383 3636 pugnat.

175 3791 180 3804 ·
241 3763 293 3827 65.
311 3765 404 3837 Quod
422 3765 532 3825 autem
549 3771 671 3825 ventus
688 3781 900 3844 superquam
917 3767 1069 3842 praefata
1082 3765 1192 3827 lucida
1204 3766 1310 3826 nubes
1329 3769 1394 3840 est,
1408 3777 1483 3822 cum
1499 3759 1615 3820 eadem
1628 3757 1739 3819 lucida

195 3868 281 3928 nube
297 3868 340 3929 ab
355 3867 490 3928 Oriente
506 3867 548 3930 ad
564 3868 828 3945 Septentrionem
846 3887 883 3932 se
898 3871 1029 3947 dilatat,
1048 3871 1112 3932 hoc
1128 3876 1181 3930 est
1198 3870 1286 3948 quod
1301 3866 1446 3945 iustitia,
1464 3865 1575 3926 terens
1598 3861 1740 3924 candida

194 3984 296 4046 opera
311 3971 517 4048 virginitatis
534 3973 568 4032 in
585 3972 730 4049 Christo,
749 3990 826 4036 cum
843 3975 970 4036 eisdem
987 3975 1147 4051 operibus
1171 3976 1205 4036 in
1228 3980 1305 4036 ortu
1327 3971 1483 4034 veritatis
1508 3967 1736 4048 surgentibus,

194 4081 310 4137 contra
326 4077 494 4153 nequitias
510 4077 641 4139 Diaboli
665 4083 801 4156 pugnata
828 4079 916 4157 quod
940 4081 1017 4141 ante
1041 4078 1212 4142 Christum
1234 4078 1379 4155 pleniter
1403 4076 1513 4137 facere
1536 4091 1603 4135 non
1617 4072 1738 4150 poluit.

194 4179 276 4240 Nam
292 4182 329 4240 ut
344 4179 455 4257 bomo,
480 4182 626 4257 primum
649 4184 797 4244 carnalis
822 4183 944 4259 lactus,
970 4185 1011 4245 ad
1028 4183 1214 4261 spiritalem
1231 4184 1335 4244 vitam
1352 4182 1471 4244 deinde
1496 4196 1532 4242 se
1552 4178 1736 4254 transtulit,

195 4281 245 4342 sic
259 4283 360 4344 etiarn
377 4291 476 4346 vetus
490 4284 567 4360 Lex,
587 4286 621 4346 in
636 4288 815 4349 sanctitate
830 4287 1013 4350 carnaliter
1036 4293 1184 4364 ostensa,
1208 4286 1420 4364 postmodum
1445 4285 1479 4346 in
1495 4283 1630 4347 Christo
1654 4283 1688 4342 et
1704 4281 1739 4342 in

195 4385 345 4446 Ecclesia
361 4388 432 4448 vita
448 4387 536 4449 facta
553 4394 616 4465 est,
635 4407 675 4450 ac
691 4391 855 4452 sanctitas
879 4392 912 4452 in
934 4392 1007 4452 vita
1023 4391 1181 4467 surrexit,
1206 4408 1245 4453 ac
1260 4390 1434 4467 antiquum
1451 4389 1581 4450 hostem
1606 4385 1739 4461 penitus

193 4490 362 4566 contrivit,
380 4492 433 4551 cui
450 4497 549 4553 vetus
566 4493 631 4553 Lex
648 4493 812 4555 rebellare
828 4511 894 4556 non
909 4497 1029 4570 potuit.

923 4703 1002 4764 LllI.

397 4907 562 4969 Adversas
589 4909 756 5006 Christum
780 4915 812 4971 et
838 4912 1019 4974 Ecclesiam
1043 4913 1198 4976 Diabolus
1221 4933 1288 4975 aon
1309 4911 1524 4993 praevalebit.

229 5110 289 5188 dd.
306 5110 369 5173 Sed
384 5113 549 5177 maximae
565 5116 723 5178 tenebrae
738 5119 846 5182 multa
869 5120 1036 5184 densitate
1059 5128 1094 5183 et
1116 5121 1257 5185 horrore
1273 5123 1316 5185 ab
1333 5122 1511 5184 Occidente
1526 5120 1675 5196 veniunt,
1700 5127 1735 5182 et

191 5231 227 5276 se
244 5231 363 5294 magna
379 5217 574 5282 dilatatione
590 5221 631 5282 ad
650 5222 800 5284 eamdem
819 5224 1100 5298 lucidamnubem
1117 5227 1317 5306 expandunt,
1332 5229 1410 5306 quia
1422 5242 1538 5289 omnes
1551 5225 1736 5288 diabolicae
