3998 6100
299 557 343 619 lii
874 576 901 621 s.
928 573 1199 624 arcuacnaurs

267 711 283 752 s
302 692 392 754 omni
416 706 537 768 genere
561 692 718 770 dijudico.
744 693 830 754 Deus
846 695 934 755 enirn
951 696 992 757 de
1009 696 1089 756 limo
1107 701 1217 758 terrae
1235 695 1402 758 hominem
1420 695 1589 774 formavit,
1608 696 1641 760 in
1657 715 1723 778 quo
1739 714 1809 760 om-

265 817 280 856 »
301 800 356 858 nia
372 810 474 873 opera
490 811 552 858 sua
566 797 784 874 perpetravit,
802 803 835 859 et
851 799 884 858 in
901 799 995 860 illum
1014 801 1101 860 sicut
1119 801 1152 861 in
1168 801 1339 876 speculum
1357 793 1494 878 aspicio.
1511 797 1533 882 ¹)
1554 820 1570 860 s

989 1001 1074 1068 XVI.

434 1213 529 1292 Quod
552 1214 703 1295 infideles
728 1216 935 1292 ipsromntor,
959 1219 991 1273 et
1015 1215 1103 1292 quod
1126 1232 1227 1293 opera
1252 1217 1312 1277 Dei
1335 1219 1372 1276 in
1395 1218 1464 1276 vita
1486 1220 1633 1276 monent.

304 1427 359 1488 28.
383 1424 508 1485 Deinde
532 1421 646 1483 audivi
670 1438 786 1483 vocem
811 1423 852 1483 de
877 1423 971 1482 coelo
995 1423 1172 1486 dicentem:
1200 1443 1216 1482 s
1241 1425 1322 1496 Quis
1338 1431 1391 1486 est
1409 1424 1441 1484 in
1458 1426 1547 1486 omni
1564 1427 1729 1500 creatura,
1747 1426 1805 1501 qui

263 1551 279 1592 s
298 1546 401 1607 opera
413 1529 472 1589 Dei
489 1527 701 1587 dinumerare
719 1526 842 1603 possit?
857 1527 897 1587 Et
913 1530 996 1604 quot
1011 1534 1089 1588 sunt
1105 1528 1140 1588 hi
1157 1529 1215 1606 qui
1232 1529 1266 1589 in
1282 1535 1373 1589 terra
1390 1527 1448 1589 Dei
1463 1527 1489 1608 ²)
1508 1527 1677 1588 habitant?
1692 1529 1732 1588 Et
1748 1529 1806 1606 qui

261 1654 277 1695 s
297 1639 386 1710 sunt,
411 1639 446 1693 et
469 1633 585 1710 quales
602 1637 690 1705 sunt,
709 1632 743 1691 et
759 1634 841 1708 quoi
857 1637 944 1704 sunt,
965 1632 998 1692 hi
1015 1633 1074 1709 qui
1093 1633 1180 1694 intra
1197 1649 1232 1693 se
1250 1634 1444 1710 loquuntur,
1462 1639 1496 1693 et
1512 1632 1681 1693 ailirmant
1697 1632 1806 1708 nigre-

262 1757 279 1798 »
298 1739 408 1799 dinem
434 1736 651 1796 schismatum
672 1727 725 1814 Ἢ
749 1737 796 1795 ita
811 1736 901 1813 quod
915 1736 1015 1796 deum
1033 1753 1129 1797 suum
1149 1738 1181 1796 in
1198 1738 1362 1814 Aquilone
1379 1739 1556 1814 quaerunt,
1574 1743 1608 1796 et
1624 1735 1712 1813 quod
1728 1752 1804 1797 eum

261 1861 277 1902 s
297 1843 343 1903 ibi
364 1842 489 1915 colunt,
506 1841 540 1900 ei
556 1836 645 1917 quod
661 1855 728 1899 una
744 1853 897 1917 quaeque
910 1841 1001 1916 justa
1018 1857 1038 1900 a
1054 1841 1121 1900 Deo
1140 1841 1303 1916 instituta,
1322 1841 1504 1902 secundum
1520 1841 1710 1902 voluntates
1726 1854 1805 1900 suas

260 1961 454 2022 »perverse
477 1944 661 2005 discutiunt
685 1946 719 2005 et
742 1943 961 2020 exscribrant‚
984 1948 1020 2005 et
1043 1961 1084 2005 ea
1108 1945 1142 2005 in
1163 1945 1319 2006 cordibus
1337 1946 1406 2006 suis
1422 1944 1626 2020 discerpunt,
1644 1944 1803 2004 dicentes:

147 2111 150 2116 ,
261 2070 277 2109 s
296 2051 364 2109 Ista
379 2049 449 2109 vita
465 2049 552 2110 bona
569 2050 630 2123 esi,
650 2048 708 2109 illa
724 2064 804 2108 vero
822 2048 911 2109 mala
926 2051 986 2109 est.
1003 2049 1043 2110 Et
1060 2049 1109 2109 sic
1126 2050 1299 2109 scientiam
1318 2065 1412 2109 suam
1429 2065 1489 2124 pro
1505 2048 1573 2108 Deo
1591 2048 1724 2118 habent,
1743 2063 1804 2106 nec

259 2154 405 2213 »sciunt
427 2152 508 2230 quid
534 2151 672 2225 iaciunt3
698 2167 800 2227 opera
823 2153 910 2212 enirn
935 2152 1005 2228 Dei,
1031 2169 1118 2230 quae
1143 2153 1176 2212 in
1197 2153 1330 2213 homine
1347 2158 1517 2228 operatur,
1536 2152 1570 2212 in
1587 2150 1715 2212 infinita
1730 2149 1802 2210 vila

261 2259 450 2332 emanent,
480 2257 572 2319 velut
600 2257 699 2316 etiam
728 2258 832 2316 verbe
858 2257 1041 2317 Ezechielis
1068 2257 1263 2332 ostendunt,
1288 2257 1345 2318 ubi
1369 2257 1410 2318 de
1434 2258 1578 2333 quatuor
1602 2253 1803 2316 animalibus

258 2379 275 2420 s
295 2361 385 2421 dicit.
406 2379 421 2418 s

983 2565 1084 2666 llvll.

877 2775 977 2840 telis
1000 2780 1190 2841 Ezechielis.

303 2989 357 3053 29.
377 3011 392 3050 «
408 2991 524 3052 Facies
537 2989 681 3051 bominis
694 2991 727 3049 et
741 2987 843 3049 iacies
857 2989 961 3049 leonis
978 2989 1135 3050 adextris
1151 2987 1298 3064 ipsorum
1313 2989 1466 3064 quatuor.
1485 2982 1600 3048 Facies
1617 2985 1727 3044 autem
1745 2980 1803 3042 bo·

255 3115 272 3154 s
292 3096 343 3156 vis
368 3111 388 3154 a
412 3095 557 3154 sinistris
583 3094 731 3182 ipsorum
748 3095 903 3169 quatuor;
921 3096 956 3154 et
973 3093 1075 3154 iacies
1092 3093 1226 3169 aquilae
1243 3093 1388 3168 desuper
1406 3092 1553 3167 ipsorum
1570 3093 1715 3165 quatuor
1729 3080 1765 3163 Ι).
1782 3103 1797 3140 a

250 3199 355 3276 Cuius
368 3215 487 3258 sensus
504 3197 580 3258 talis
593 3204 654 3258 est.
668 3198 750 3257 Nam
763 3213 847 3272 opus
862 3197 973 3273 operis
985 3197 1044 3258 Dei
1057 3197 1156 3258 homo
1174 3199 1235 3272 est,
1255 3202 1289 3256 et
1305 3197 1368 3280 hoc
1384 3211 1468 3272 opus
1486 3211 1505 3254 a
1521 3195 1588 3253 Deo
1605 3198 1666 3252 est.
1685 3190 1799 3250 Facies

249 3304 394 3364 hernicis
415 3301 572 3377 pietatem
589 3301 742 3377 designat
757 3295 794 3381 ⁵),
813 3317 872 3377 per
888 3317 987 3379 quam
1005 3301 1105 3362 horno
1122 3300 1376 3361 sensibilitatem
1394 3300 1505 3360 habet.
1521 3298 1561 3358 Et
1574 3298 1678 3375 facies
1696 3293 1798 3353 leonis

250 3407 408 3468 virtutem
432 3403 502 3481 Dei,
530 3405 563 3465 in
586 3420 653 3482 qua
668 3405 754 3465 Deus
772 3405 1032 3466 rationalitatem
1051 3404 1176 3464 homini
1193 3403 1295 3479 dedit;
1314 3411 1348 3465 et
1364 3403 1427 3464 hoc
1442 3419 1463 3463 c
1478 3403 1619 3475 dextris,
1638 3397 1797 3476 quoniam

252 3512 360 3586 pietas
383 3511 417 3570 et
440 3509 548 3570 virtus
572 3507 649 3586 liei,
676 3525 736 3584 per
759 3509 1088 3584 comprehensionem
1106 3509 1345 3585 magnitudinis
1362 3509 1524 3569 bonorum
1542 3520 1692 3581 operum,
1709 3502 1802 3562 velut

247 3615 332 3690 alas,
358 3611 505 3673 divinam
531 3613 781 3688 inspirationem
802 3613 988 3673 ostendunt.
1007 3612 1069 3672 Sed
1084 3615 1188 3691 facim
1203 3612 1289 3673 bovis
1306 3611 1507 3672 sacrificium
1525 3607 1613 3686 quod
1627 3607 1715 3667 Deus
1732 3605 1795 3678 est,

249 3716 441 3794 denuntiat;
468 3719 592 3794 inquo
616 3715 859 3777 demonstravit
883 3715 1009 3776 homini
1032 3716 1100 3777 Deo
1125 3717 1329 3793 sacrificare,
1355 3718 1389 3776 et
1413 3713 1475 3774 boo
1498 3713 1599 3774 etiarn
1618 3731 1638 3772 a
1653 3709 1800 3770 sinistris

253 3824 318 3898 est,
345 3822 503 3899 quoniam
528 3821 560 3881 in
581 3821 746 3882 sacrificio
763 3820 898 3898 quidam
915 3820 1066 3881 deiectus
1082 3827 1144 3896 est,
1162 3820 1219 3881 ubi
1236 3836 1338 3880 unum
1355 3819 1467 3894 datur,
1484 3824 1518 3879 et
1535 3815 1625 3878 aliud
1644 3810 1803 3890 relinqui*

252 3930 318 4000 tur;
345 3926 433 3986 sicut
456 3925 557 3987 etiam
582 3926 639 4002 qui
663 3926 869 3986 voluntatem
896 3941 990 3984 suam
1007 3924 1074 3984 Deo
1090 3923 1190 3986 ollert
1203 3920 1241 4003 ⁸),
1262 3923 1427 3985 interdum
1446 3919 1614 3996 coelestia,
1632 3918 1799 3980 interdum

252 4029 428 4089 terrestria
451 4030 642 4090 meditatur.
660 4031 741 4093 Nam
760 4030 792 4090 in
809 4029 974 4089 sacrificio
991 4029 1078 4087 Deus
1096 4028 1261 4088 hominem
1279 4028 1374 4088 adse
1392 4027 1506 4102 trahit;
1525 4033 1558 4086 et
1574 4025 1674 4085 eiiam
1693 4019 1799 4080 homi-

289 4193 311 4262 ί)
327 4193 427 4252 Nescio
439 4212 476 4252 an
489 4195 598 4268 aliquid
611 4197 643 4254 in
657 4203 776 4269 utroque
789 4195 885 4254 codice
899 4192 1010 4252 excide-
1047 4190 1154 4255 nantiss
1167 4208 1240 4262 quae
1251 4191 1394 4248 interdum
1403 4200 1448 4249 sat
1459 4191 1622 4264 importuno
1632 4183 1798 4242 discrimine

250 4276 301 4335 rit.
316 4279 424 4337 Ultima
436 4283 519 4338 verba
531 4282 739 4356 necperspicua
752 4289 830 4346 sunt,
842 4286 1008 4354 nequeapte
1044 4275 1222 4336 dividuntur:
1243 4277 1381 4336 contiuuo
1398 4280 1458 4348 lege
1472 4292 1549 4334 num.
1565 4280 1610 4337 29,
1625 4278 1670 4337 tlt,
1689 4276 1718 4327 et
1731 4284 1798 4324 mox

251 4363 417 4430 sebastenis
431 4383 464 4426 ac
477 4367 525 4423 six
541 4385 597 4423 non
610 4373 790 4442 exspectatur
801 4370 884 4426 Pacis
896 4384 1009 4440 respon·
1044 4385 1072 4424 n.
1088 4372 1133 4431 ³2,
1148 4372 1181 4422 33
1200 4372 1254 4423 etc.
1269 4367 1417 4423 Formulae
1435 4365 1540 4438 passim
1559 4362 1588 4419 in
1602 4362 1654 4416 boc
1669 4373 1753 4431 opere
1766 4359 1796 4411 et

252 4464 316 4504 sum
329 4450 365 4506 ad
378 4452 463 4507 verba
478 4451 585 4516 Glauci,
602 4457 635 4508 ut
648 4458 783 4525 perpetua
796 4452 883 4509 series
898 4453 1004 4508 suadet.
1044 4469 1121 4509 more
1134 4451 1354 4509 vaticinantium
1365 4451 1502 4523 repetitae
1515 4454 1545 4505 et
1561 4449 1751 4505 conservatae,
1767 4441 1798 4496 in

286 4537 309 4603 ²>
322 4544 385 4593 sust
397 4541 448 4612 qui
459 4541 490 4594 ia
501 4556 585 4611 repca
600 4539 649 4594 Dei
666 4537 699 4596 l.
715 4571 748 4579 ·-
761 4537 783 4607 ³)
799 4537 960 4595 schismata
973 4537 993 4592 il
1043 4537 1162 4596 caeteris
1181 4537 1307 4610 ejusdem
1330 4535 1404 4591 vatis
1425 4534 1560 4608 operibus
1578 4531 1720 4588 exsulant.
1743 4527 1799 4581 Va-

251 4623 289 4684 le.
303 4637 376 4694 quse
394 4625 472 4680 mss
483 4641 562 4680 mum
578 4625 614 4680 ab
627 4625 763 4699 Aquilam
776 4631 924 4700 peccunt,
939 4622 1006 4680 laci·
1042 4631 1088 4681 cat
1112 4640 1148 4679 ne
1170 4622 1199 4678 id
1221 4627 1329 4686 notare.
1352 4619 1433 4692 quasi
1457 4624 1574 4675 tesseras
1594 4633 1654 4673 esse
1676 4615 1798 4671 nonnul-

250 4711 277 4768 le
291 4710 414 4784 reperies
427 4711 458 4767 in
475 4710 604 4767 dissidiis
616 4728 688 4782 quae
702 4711 835 4768 adversus
851 4709 1006 4768 Ecclesiam
1042 4710 1083 4765 las
1102 4710 1252 4772 solemnes,
1271 4713 1335 4780 post
1353 4707 1438 4763 verba
1459 4707 1551 4761 secra?
1569 4702 1682 4759 breuior
1700 4707 1743 4758 est
1768 4701 1799 4756 in

250 4796 405 4852 Romanam
425 4797 461 4852 ab
472 4793 616 4868 Aquilone
635 4796 726 4854 morit
738 4795 902 4853 Fredericus
919 4793 1006 4869 impe-
1043 4795 1117 4852 libro
1140 4795 1256 4853 Soicias:
1278 4819 1289 4844 ι
1307 4789 1383 4864 quod
1401 4787 1518 4848 dicitur.
1539 4787 1689 4857 »Longior
1711 4788 1742 4842 in
1764 4786 1798 4842 li-

248 4885 337 4946 rator.
362 4883 412 4939 ml
431 4899 562 4957 pressum
584 4884 747 4958 apostalicae
768 4885 839 4941 sedis
860 4883 895 4938 ab
920 4883 1006 4940 initio
1041 4881 1093 4937 bro
1115 4879 1280 4937 Divinarum
1299 4895 1420 4952 operest·
1444 4875 1548 4947 «quod
1572 4874 1614 4931 sic
1638 4871 1798 4930 intellectui

248 4967 414 5026 memorata.
429 5001 463 5010 -
476 4969 498 5034 ⁴)
513 4967 615 5026 Erech.
634 4975 659 5033 l.
673 4973 714 5026 ld.
731 4969 879 5042 Incipiunt
891 4971 952 5027 loca
964 4985 1006 5026 sa·
1041 4974 1129 5043 patet.
1151 4993 1161 5018 »
1184 4967 1306 5026 Mediam
1330 4967 1378 5024 hic
1397 4967 1543 5023 babemus:
1568 4989 1579 5014 ι
1597 4966 1681 5035 crrjus
1699 4980 1798 5020 sensus

245 5069 306 5118 css,
326 5067 399 5125 quac
422 5055 480 5111 lato
502 5053 617 5125 quidem
640 5070 736 5118 sensu.
757 5055 1005 5112 accommodatitio
1044 5055 1109 5111 talis
1127 5059 1178 5110 est.
1199 5077 1208 5103 ι
1228 5053 1418 5111 constantiam
1439 5051 1468 5107 in
1489 5051 1625 5108 serietate
1645 5056 1742 5107 notare
1752 5051 1798 5120 ju·

245 5155 331 5212 quem
345 5140 457 5203 dicunt,
476 5154 587 5196 sumere
601 5139 700 5196 Nostra
720 5141 803 5205 solet,
817 5141 892 5204 haud
911 5147 1004 5196 tamen
1043 5140 1093 5197 vit.
1109 5172 1142 5181 -
1155 5142 1177 5204 ⁵t
1197 5139 1293 5196 Facies
1309 5144 1380 5196 caim
1399 5142 1516 5195 hominis
1530 5142 1655 5212 pietatem
1672 5139 1797 5207 deripsut

247 5226 310 5284 sine
333 5226 424 5282 multo
442 5225 583 5289 acumine,
607 5233 635 5281 ct
657 5229 732 5295 largo
754 5227 823 5282 lietu
844 5241 943 5294 magna
963 5243 1005 5282 so·
1042 5227 1075 5282 A.
1094 5227 1160 5292 -⁰)
1174 5228 1290 5296 offerunt
1303 5225 1347 5279 W.
