3998 6100
753 561 871 611 monn
898 559 1000 610 vsvs
1028 561 1262 612 nenorosus
1726 545 1747 609 3

280 682 348 746 LII.
376 679 615 760 Quodjustitia
637 700 713 746 cum
733 685 924 763 cirpinitate
941 685 978 746 in
1075 683 1166 746 LXX.
1200 684 1399 764 specialiter
1427 687 1467 748 de
1495 685 1707 750 obduratione
1734 692 1765 748 et

240 785 369 849 cbristo
385 793 501 848 cantra
516 785 690 850 Diabolum
702 793 841 866 pupnat.
1029 786 1143 850 babitu
1158 785 1244 864 ejus,
1262 794 1294 850 et
1310 790 1392 868 quid
1408 791 1578 871 sianificet.

282 890 364 952 LIII.
420 891 512 965 Qreod
557 891 737 954 diabolicae
782 891 976 970 iniquitates
1074 891 1180 953 LXXI.
1206 892 1404 971 specialiter
1428 892 1468 954 de
1484 895 1617 972 ipnaoia
1632 899 1663 954 et
1680 891 1768 955 trabi·

241 994 369 1056 Gbristo
385 1000 418 1056 et
436 995 603 1058 Ecclesiae
617 1015 649 1058 se
662 1001 847 1076 opponunt,
861 993 977 1074 quibem
1029 1001 1068 1056 tu
1083 991 1169 1070 ejus,
1187 1001 1219 1055 et
1235 995 1317 1073 quid
1333 997 1503 1076 sipnificet.

238 1101 350 1157 tarnen
366 1115 433 1159 nan
445 1099 698 1176 praevalebunt.
1074 1099 1195 1161 LXXII.
1225 1098 1426 1177 specialiter
1449 1100 1490 1161 de
1517 1101 1571 1162 ira
1597 1105 1629 1160 et
1655 1097 1769 1160 babitu

284 1199 381 1262 LIIII.
407 1201 500 1275 Qreool
523 1205 560 1264 in
580 1205 771 1282 cirpinitate
788 1202 977 1264 incarnatio
1029 1199 1116 1278 ejus,
1133 1207 1164 1262 et
1182 1202 1263 1280 quid
1279 1204 1450 1284 sipnificet.

242 1305 366 1368 Christi
382 1307 468 1368 sicut
486 1309 533 1368 sol
548 1308 714 1369 mundum
729 1307 911 1369 illuminat.
1073 1306 1209 1368 LXXIII.
1239 1305 1340 1368 Verba
1356 1305 1461 1369 Jacob.

284 1407 347 1471 LV.
382 1408 474 1483 Quod
505 1412 543 1470 in
574 1412 722 1474 Ecclesia
749 1415 864 1474 contra
890 1411 977 1471 anti
1074 1411 1226 1472 LXXHII.
1245 1411 1442 1490 specialiter
1459 1411 1499 1472 de
1512 1408 1770 1489 ineptalaetitio

241 1530 345 1592 quum
361 1518 550 1592 serpentem
566 1517 697 1592 sianum
711 1515 866 1575 uictoriae
882 1518 942 1574 est.
1029 1520 1063 1576 et
1079 1513 1191 1577 babitu
1209 1511 1294 1588 ejus,
1312 1521 1344 1575 et
1360 1516 1442 1594 qaid
1458 1515 1627 1595 sipnificet.

201 1667 206 1676 .
285 1615 363 1679 LVI.
390 1617 482 1692 Quod
504 1619 720 1680 incarnatum
739 1617 801 1680 Dei
825 1616 976 1688 Verbum,
1076 1619 1193 1680 LXXV.
1220 1619 1418 1698 Specialiter
1434 1621 1474 1680 de
1490 1620 1600 1699 forma
1614 1616 1679 1678 aeli
1692 1615 1767 1684 Dei,

240 1738 348 1782 unum
371 1738 448 1782 cum
471 1723 574 1785 Patre
597 1725 758 1794 eristens,
778 1722 979 1802 baptismum
1031 1732 1064 1787 et
1079 1722 1192 1787 babitu
1208 1718 1326 1804 ejus,¹)
1345 1729 1377 1784 et
1393 1726 1475 1803 quid
1491 1723 1661 1802 sipnificet.

241 1823 363 1886 docuit.
1077 1827 1210 1889 LXXVI.
1250 1826 1298 1889 De
1337 1825 1532 1905 quibusdam
1567 1824 1771 1904 purpatoriis

287 1926 379 1989 LVII.
407 1927 499 2001 Qreod
522 1928 649 1992 Filium
673 1930 735 1992 Dei
756 1931 909 1993 coelestia
925 1932 980 1993 do-
1029 1935 1147 2011 pocnis
1186 1932 1378 1992 animarum
1417 1931 1637 2009 quorumdam
1672 1929 1774 1989 borni·

243 2037 374 2095 eentem
393 2032 506 2114 fideles
523 2033 778 2113 subsequuntur.
1033 2053 1129 2105 num,
1148 2037 1258 2114 quiin
1275 2053 1384 2096 umore
1403 2034 1527 2096 saeculi
1539 2038 1771 2113 peccaverant,

288 2135 396 2197 LVIII.
424 2136 516 2210 Qooa
532 2139 672 2218 quisque
687 2139 795 2220 fidelis
814 2139 982 2201 Christum
1034 2141 1066 2196 et
1083 2155 1142 2198 cur
1157 2140 1290 2199 easdem
1304 2141 1355 2199 ita
1366 2140 1553 2217 patiantur.

245 2238 469 2319 subsequens,
514 2258 616 2320 opera
658 2241 869 2303 tenebrarum
908 2257 981 2303 can·
1080 2239 1228 2302 LXXVII.
1256 2242 1348 2314 Quod
1360 2259 1487 2320 poenae
1502 2244 1586 2303 istae
1599 2241 1772 2321 purpatio-

243 2350 334 2410 terit.
1033 2361 1112 2405 nem
1134 2345 1172 2404 in
1194 2343 1367 2405 animabus
1391 2337 1559 2429 [illarum]
1586 2346 1770 2427 faciunt,²)

289 2450 413 2514 LVIIII.
445 2453 537 2527 Quod
559 2456 691 2516 animae
714 2457 892 2534 anciqpum
915 2475 982 2518 ⁸0,-
1033 2449 1144 2525 quiin
1161 2448 1368 2526 saeculoper
1388 2451 1630 2526 poentientiam
1648 2469 1772 2530 parpa-

240 2561 380 2636 pentem
403 2557 568 2628 imitatae,
590 2563 622 2618 et
639 2576 714 2619 mem
729 2560 800 2636 ipso
814 2560 852 2618 in
867 2559 982 2637 infeli·
1032 2553 1156 2612 tionem
1171 2558 1381 2613 mernerunt.

243 2661 345 2722 citate
357 2662 473 2722 martis
478 2667 730 2740 permanentes,
741 2663 874 2741 culpam
886 2679 981 2724 suom
1079 2655 1242 2718 LXXVIII.
1271 2655 1362 2730 Quod
1385 2655 1529 2732 animae,
1553 2675 1637 2735 quae
1661 2659 1698 2719 in
1721 2677 1773 2718 re-

243 2763 540 2842 Adae-imponunt.
719 2800 729 2818 .
1035 2763 1221 2824 cordatione
1237 2760 1771 2840 beatitudinissunt,purpantur,

288 2867 352 2930 LX.
382 2869 475 2942 Quod
500 2870 538 2930 in
560 2867 784 2947 infernalibus
806 2870 980 2930 tormentis
1035 2883 1111 2930 cnm
1137 2867 1218 2926 illae
1245 2883 1329 2944 quae
1356 2867 1394 2928 in
1421 2862 1579 2926 obliuione
1607 2871 1684 2926 sunt
1696 2907 1707 2938 ,
1735 2867 1772 2928 in

244 2973 345 3036 nulla
360 2991 433 3051 spes
448 2973 563 3051 paudii
579 2979 638 3034 cst.
1034 2971 1192 3032 obliuione
1205 2973 1437 3048 pennaneant.

290 3077 368 3141 LXI.
402 3077 495 3151 Quoad
525 3077 678 3140 diabolici
708 3079 846 3156 spiritus
873 3078 982 3141 Deum
1080 3077 1261 3141 LXXVIIII.
1290 3077 1454 3151 Quomodo
1483 3075 1630 3136 besaines
1656 3077 1772 3154 poeni-

243 3181 473 3246 erubescentes
489 3183 635 3261 sapiunt.
1034 3182 1132 3244 tendo
1144 3187 1319 3261 peccatum
1334 3181 1456 3240 amoris
1474 3180 1599 3241 saeculi
1615 3180 1652 3240 in
1669 3197 1771 3240 seme·

290 3285 383 3348 LXII.
417 3285 510 3361 Quod
539 3288 697 3364 antiquus
724 3288 824 3348 hastis
851 3286 982 3348 diversa
1039 3289 1135 3366 tipsis
1155 3287 1317 3364 puniant,
1342 3277 1701 3355 secundumjudicium
1715 3281 1775 3359 ju·

244 3392 329 3455 uitia
350 3393 506 3469 producit
533 3408 609 3452 cum
634 3389 752 3469 quibus
775 3389 894 3451 electos
918 3388 981 3451 Dei
1034 3393 1117 3456 dicis
1133 3396 1166 3452 et
1182 3392 1365 3454 secundum
1379 3388 1513 3448 modum
1526 3387 1665 3466 peccati.

244 3493 400 3574 decipiat.
1077 3495 1198 3558 LXXX.
1238 3495 1331 3569 Quod
1357 3495 1566 3572 poenitentia
1594 3489 1771 3570 probatur,

289 3597 398 3662 LXIII.
429 3599 521 3675 Quod
543 3597 698 3664 Diabolus
720 3597 906 3660 bominibus
927 3601 980 3661 in·
1032 3622 1116 3684 quae
1133 3621 1154 3662 a
1169 3600 1337 3664 sacerdote
1350 3601 1511 3678 procedit.

241 3703 352 3767 calcat
374 3704 460 3784 quod
482 3704 619 3766 nultum
637 3702 744 3765 Deum
760 3701 868 3764 colant
882 3720 980 3780 prae·
1076 3705 1211 3768 LXXXI.
1230 3703 1322 3779 Quod
1338 3720 1430 3764 amor
1446 3701 1571 3764 saecun
1587 3701 1694 3764 Deum
1709 3721 1770 3766 nec

242 3811 298 3870 ter
312 3807 411 3870 idola.
1031 3813 1138 3887 timet,
1155 3829 1216 3871 nec
1231 3807 1351 3885 dilipit.

289 3911 413 3975 LXIlII.
444 3912 537 3988 Quod
562 3913 621 3991 qui
647 3909 733 3973 beati
759 3927 830 3972 esse
853 3910 977 3973 uolunt.
1077 3914 1227 3977 LXXXII.
1256 3911 1357 3974 Verba
1373 3909 1567 3972 Saloaionis.

245 4015 355 4080 Deum
370 4017 482 4096 quiin
498 4015 597 4078 coelis
613 4020 663 4076 est
678 4015 828 4077 adorent.
1077 4017 1243 4080 LXXXIII.
1268 4016 1354 4076 Item
1377 4013 1417 4074 de
1441 4010 1636 4091 quibusdam
1648 4031 1772 4093 purpo-

289 4118 380 4182 LXV.
401 4119 583 4184 Psalmista
597 4119 638 4181 de
654 4119 777 4180 eodem.
1034 4125 1127 4186 toriis
1141 4121 1259 4201 poenis
1274 4121 1468 4179 animarum
1484 4117 1703 4194 quorumdam
1718 4121 1773 4181 ho-

288 4221 394 4286 LXVI.
421 4225 514 4298 Quod
535 4227 573 4286 in
595 4222 792 4304 infidelitate
816 4237 911 4283 omne
927 4239 981 4301 pe·
1031 4231 1174 4304 minum,
1193 4227 1251 4306 qui
1266 4227 1304 4285 in
1318 4223 1510 4303 petulantia
1530 4233 1771 4301 peccaverant,

246 4344 314 4390 ’1118
329 4329 486 4390 vitiorum
501 4335 562 4390 est·
1032 4341 1064 4395 ct
1081 4351 1142 4395 cur
1157 4331 1289 4392 easdem
1304 4321 1385 4407 ita’)
1403 4329 1601 4390 sustineant.

290 4430 411 4495 LXVII.
437 4432 635 4512 specialiter
657 4431 698 4493 de
721 4447 831 4494 amare
855 4431 981 4493 soeculi
1075 4435 1255 4500 LXXXIIII.
1297 4431 1448 4507 Qualiter
1479 4433 1627 4493 homines
1655 4435 1771 4512 poeni·

246 4541 279 4596 et
295 4533 408 4598 babitu
423 4533 508 4611 eius,
525 4535 655 4616 etquid
671 4537 840 4618 sipnificet.
1031 4541 1131 4603 tendo
1144 4543 1282 4618 peccata
1293 4535 1502 4616 petulantiae
1523 4538 1561 4597 in
1584 4537 1772 4617 corporibus

280 4641 426 4708 LXVIII.
452 4643 650 4721 Specialitcr
672 4641 713 4702 de
733 4640 925 4719 petulantia
947 4645 980 4701 ct
1032 4645 1101 4706 suis
1117 4643 1261 4703 deleant.

244 4743 359 4810 babitu
373 4742 458 4822 ejus,
475 4751 508 4808 et
524 4746 604 4825 quid
619 4747 789 4826 significet.
1076 4746 1223 4808 LXXXV.
1250 4743 1342 4818 Quod
1354 4744 1546 4823 petulantia
1557 4742 1771 4807 stabilitatem

289 4851 440 4915 LXVIIII.
466 4852 663 4930 Specioliter
683 4846 930 4924 dejoculatrice
948 4854 980 4910 et
1031 4870 1099 4915 non
1115 4849 1249 4920 habens,
1266 4848 1396 4908 vanitas
1412 4849 1599 4908 vanitatum
1616 4848 1751 4910 dieitur.

243 4953 357 5020 babitu
372 4953 457 5032 ejus,
474 4961 507 5017 et
524 4955 606 5036 quid
622 4956 791 5035 sipnificet.
1077 4953 1237 5017 LXXXVI.
1257 4951 1348 5025 std
1362 4952 1524 5022 sauna,
1542 4955 1601 5031 qui
1617 4952 1771 5015 coelestes

282 5187 522 5263 ¹trtbobuueju
535 5202 589 5248 am.
605 5186 639 5250 Α.
1067 5193 1090 5262 ²)
1103 5187 1330 5264 istirfaeittntb,
1343 5185 1390 5245 W.
1406 5184 1573 5255 Ateus.
