3998 6100
757 497 761 504 ’
835 499 863 544 S.
894 498 1172 546 aranachaots

947 722 1067 783 LXXII.

941 933 988 990 De
1012 934 1078 990 ira:

277 1138 329 1202 85.
355 1139 453 1202 Sexta
476 1157 556 1201 vero
574 1141 684 1216 imago
710 1141 796 1200 iram
811 1139 1016 1215 pronuntiat,
1034 1154 1120 1215 quae
1137 1138 1192 1198 hic
1210 1120 1362 1216 ignauiae
1379 1138 1490 1200 affinis
1512 1146 1576 1214 est;
1595 1139 1674 1214 quia
1692 1138 1784 1214 igna-

231 1245 288 1306 via
303 1251 452 1307 meretur
468 1243 696 1322 opprobrium,
714 1257 774 1319 per
791 1241 880 1318 quod
898 1242 985 1319 ignis
1003 1243 1073 1302 irae
1097 1242 1302 1317 accenditur,
1321 1248 1358 1303 ut
1375 1243 1555 1320 opprobria
1571 1242 1629 1303 illa
1646 1257 1783 1301 succen-

229 1347 288 1407 dat
303 1353 336 1408 et
353 1353 537 1409 consumat.
557 1347 647 1420 Quae
665 1346 785 1406 faciem
809 1345 954 1406 hominis
971 1346 1083 1422 habet,
1102 1348 1260 1424 quoniam
1285 1348 1336 1408 ira
1352 1363 1392 1408 ex
1415 1347 1480 1408 hoc
1504 1348 1537 1407 in
1560 1347 1694 1408 homine
1710 1361 1783 1406 sur·

232 1451 294 1528 git,
312 1452 400 1529 quod
417 1451 516 1512 homo
541 1453 666 1512 malum
683 1453 759 1526 scit,
783 1456 922 1528 excepto
940 1451 1028 1528 quod
1043 1467 1082 1512 os
1099 1452 1172 1528 ejus
1189 1459 1226 1512 ut
1242 1469 1281 1513 os
1305 1453 1494 1530 scorpionis
1511 1457 1575 1526 est,
1598 1453 1678 1528 quia
1696 1450 1783 1510 fren-

229 1555 312 1614 dens
337 1554 566 1630 homicidium,
592 1561 630 1614 ut
653 1555 827 1632 percussio
850 1557 970 1615 veneni
994 1556 1113 1616 mortis
1137 1561 1200 1630 est,
1226 1563 1260 1616 et
1284 1556 1372 1632 quod
1393 1557 1583 1633 albuginem
1606 1556 1782 1616 oculorum

232 1661 342 1736 magis
358 1677 460 1738 quam
476 1662 622 1738 pupillas
640 1666 827 1737 extorquet,
846 1661 1004 1737 quoniam
1020 1662 1071 1721 ira
1087 1663 1316 1737 pestilentiam
1333 1662 1457 1724 luroris
1473 1663 1508 1722 in
1524 1662 1706 1723 intentione
1722 1677 1784 1722 sua

230 1767 339 1842 magis
356 1783 456 1844 quam
474 1767 709 1826 rectitudinem
726 1766 982 1842 tranquillitatis
1003 1766 1142 1842 profert,
1162 1768 1219 1828 ubi
1236 1767 1334 1828 bomo
1351 1783 1412 1827 nec
1436 1768 1597 1844 seipsum,
1616 1751 1677 1826 nec
1694 1765 1781 1826 allos

231 1871 434 1946 considerat;
461 1871 519 1930 sed
541 1871 709 1946 justitiam
733 1876 899 1948 evertens,
925 1873 1023 1949 quasi
1047 1887 1168 1932 caecus
1186 1874 1241 1949 sit,
1266 1874 1434 1950 procellas
1459 1872 1623 1934 furiarum
1646 1872 1782 1932 emittit.

233 1971 376 2034 Brachia
400 1990 534 2052 quoque
549 1976 622 2052 ejus
646 1976 795 2036 brachiis
819 1975 964 2038 hominis
988 1977 1231 2053 assimilantur,
1255 1978 1334 2055 quia
1356 1978 1540 2038 dominatio
1564 1979 1635 2037 irae
1658 1977 1785 2053 absque

236 2079 357 2139 timore
372 2079 431 2139 Ilei
448 2081 608 2156 potestati
625 2080 770 2140 hominis
789 2081 821 2140 in
838 2081 979 2142 scientia
996 2082 1076 2142 mali
1093 2083 1293 2157 associatur,
1311 2083 1468 2159 quoniam
1488 2081 1649 2142 Diabolus
1667 2081 1700 2140 in
1716 2096 1785 2141 ma·

234 2181 309 2242 litia
325 2200 387 2243 sua
403 2185 592 2260 opinionem
608 2184 737 2260 habuit,
755 2201 832 2244 cum
849 2185 911 2244 hoc
929 2185 1039 2246 lacere
1055 2187 1163 2246 voluit
1178 2186 1267 2263 quod
1283 2187 1443 2263 perficere
1460 2203 1526 2247 non
1541 2186 1662 2262 potuit,
1681 2185 1781 2246 homo

233 2291 346 2345 autem
361 2287 545 2364 nequitiam
563 2304 659 2348 suam
675 2288 864 2364 cogitando,
883 2289 1124 2349 considerando
1141 2295 1175 2349 et
1191 2290 1358 2366 operando
1375 2289 1528 2366 perfecit,
1547 2290 1593 2349 ita
1610 2288 1699 2365 quod
1716 2305 1785 2348 ma-

233 2389 356 2450 nifeste
380 2397 532 2468 apparet.
549 2390 612 2452 Sed
636 2397 670 2452 et
686 2393 932 2454 irrationabilia
956 2395 1115 2454 animalia
1136 2395 1213 2455 aliis
1238 2395 1404 2456 interdum
1420 2395 1603 2456 laesionem
1627 2392 1784 2467 inierunt,

233 2494 313 2570 quia
337 2494 492 2555 notitiam
516 2510 633 2557 eorum
655 2512 721 2557 non
745 2495 879 2572 habent,
905 2496 1073 2558 interdurn
1097 2503 1208 2558 autem
1233 2497 1299 2556 alia
1324 2497 1355 2556 in
1382 2496 1529 2556 laesione
1552 2495 1784 2572 praeveniunt,

234 2597 393 2672 quoniam
417 2598 526 2658 abeis
550 2598 637 2658 laedi
653 2599 782 2674 timent;
801 2599 968 2660 interdum
991 2616 1072 2662 vero
1089 2601 1156 2661 alia
1171 2607 1308 2678 propter
1324 2600 1470 2660 esuriem
1495 2614 1591 2659 suam
1608 2597 1781 2672 invadunt,
1817 2660 1819 2669 ,
1847 2615 1850 2620 ·

235 2708 270 2762 et
285 2718 324 2762 ea
341 2703 514 2778 collidunt;
533 2703 633 2763 homo
658 2709 769 2763 autem
786 2710 856 2764 tam
872 2721 909 2764 se
924 2704 1119 2782 diligentem
1135 2723 1236 2783 quam
1254 2722 1290 2766 se
1307 2707 1382 2766 odio
1408 2705 1586 2765 habentem
1603 2703 1636 2763 in
1652 2702 1783 2789 malitia
1805 2681 1808 2691 ’

236 2806 307 2866 irae
325 2823 406 2868 suae
422 2807 573 2882 dilaniat,
592 2823 632 2866 ac
648 2807 715 2868 sibi
739 2808 863 2868 bonum
881 2808 1016 2870 facienti
1041 2811 1235 2870 multotiens
1258 2811 1383 2869 malum
1399 2825 1459 2886 pro
1483 2809 1569 2868 bono
1587 2807 1705 2867 reddit.
1724 2805 1787 2866 Sed

236 2925 357 2970 manus
373 2910 447 2986 ejus
464 2911 622 2970 incurvae
639 2918 717 2970 sunt
738 2912 846 2989 longis
862 2914 1042 2989 unguibus,
1060 2916 1138 2990 qula
1156 2915 1267 2974 omnia
1291 2930 1393 2990 opera
1409 2913 1482 2989 ejus
1498 2929 1603 2988 prona
1626 2918 1660 2972 et
1675 2916 1788 2974 exten·

239 3029 278 3073 sa
294 3013 336 3073 ad
353 3015 573 3091 rapacitatem
590 3021 679 3090 sunt,
697 3031 757 3092 per
774 3033 860 3092 quae
876 3018 978 3078 etiarn
995 3034 1097 3094 opera
1113 3019 1256 3078 aliorum
1273 3019 1306 3078 in
1323 3034 1443 3093 magna
1468 3018 1597 3077 insania
1614 3016 1785 3078 dilacerat.

236 3117 359 3178 Pectus
383 3124 546 3180 autemst
570 3126 721 3180 ventrem
744 3127 777 3181 et
793 3120 931 3184 dorsum
954 3128 991 3182 ut
1007 3138 1127 3183 cancer
1151 3123 1262 3199 habet,
1281 3122 1438 3200 quonlam
1455 3121 1554 3181 homo
1570 3135 1630 3198 per
1655 3121 1787 3181 iracun-

237 3223 329 3284 diam
346 3225 380 3284 in
396 3223 588 3285 habitaculo
614 3225 774 3286 scientiae
790 3243 871 3286 suae
895 3243 956 3288 neo
972 3233 1104 3304 tempus
1121 3229 1227 3304 pacis,
1244 3243 1306 3286 nec
1322 3227 1417 3301 logis,
1436 3239 1497 3284 nec
1521 3229 1611 3284 recte
1627 3224 1789 3284 constitu-

235 3333 347 3388 tarum
366 3329 615 3389 institutionum
631 3337 814 3407 computat,
829 3332 888 3392 sed
905 3333 1016 3392 omnia
1028 3332 1111 3392 haec
1127 3332 1158 3392 ei
1176 3331 1394 3393 stabilitatem
1411 3331 1589 3406 dissipare
1606 3345 1668 3390 nec
1684 3331 1786 3390 etiam

236 3438 375 3511 propter
392 3433 531 3509 rabiem,
549 3450 610 3494 nec
626 3442 763 3512 propter
780 3437 940 3512 impetum
958 3437 1195 3512 irritationum,
1213 3453 1298 3514 quas
1316 3435 1350 3496 in
1366 3451 1402 3496 se
1419 3435 1531 3510 habet,
1550 3434 1696 3511 spiritali
1711 3433 1787 3494 cibo

235 3539 410 3614 repascit,
428 3553 489 3598 nec
506 3539 609 3599 etiam
625 3542 815 3616 praeceptis
832 3539 889 3601 Dei
908 3556 945 3600 se
961 3547 1088 3616 onerat;
1107 3541 1165 3600 sed
1181 3541 1293 3600 omnia
1314 3540 1406 3616 justa
1423 3545 1457 3599 et
1479 3543 1571 3599 recta
1587 3544 1621 3598 et
1637 3537 1789 3598 modera-

235 3641 359 3701 tionem
384 3656 423 3700 ac
440 3641 612 3702 lenitatem
629 3645 897 3705 convenientium
913 3660 1092 3705 causarum
1109 3661 1128 3706 a
1146 3661 1182 3704 se
1198 3645 1343 3720 projicis
1362 3649 1395 3702 et
1411 3642 1475 3702 hoc
1490 3657 1551 3718 per
1568 3657 1669 3717 rugas
1687 3641 1790 3702 mala-

234 3763 309 3808 rum
321 3748 593 3810 vicissitudinum
607 3757 641 3810 et
659 3749 700 3811 ad
713 3750 888 3811 Diabolum
902 3758 991 3812 retro
1005 3750 1229 3810 incedentium
1243 3749 1334 3824 lacit,
1348 3749 1441 3807 velut
1454 3763 1585 3822 cancer,
1600 3751 1788 3806 retrorsum

233 3850 338 3912 vadit.
352 3851 415 3911 Sed
431 3858 465 3912 et
481 3867 580 3914 crura
597 3860 634 3914 ut
651 3855 792 3930 locusta,
807 3861 840 3914 et
853 3855 954 3931 pedes
967 3861 1004 3915 ut
1018 3855 1132 3931 vipera
1145 3853 1257 3928 habet,
1271 3853 1350 3929 quia
1367 3853 1400 3912 in
1413 3851 1569 3912 cruribus
1582 3851 1653 3910 suis
1666 3865 1787 3942 vanam

235 3956 389 4033 gloriam,
407 3963 440 4018 et
457 3959 491 4018 in
507 3961 641 4019 incessu
659 3977 719 4020 suo
737 3959 896 4020 invidiam
909 3961 1066 4034 ostendit,
1086 3960 1243 4036 quoniam
1256 3959 1289 4018 in
1302 3974 1387 4018 vana
1404 3956 1510 4032 gloria
1525 3954 1702 4032 superbiae
1715 3969 1786 4014 om-

235 4074 311 4120 nem
325 4059 492 4135 justitiam
516 4063 675 4136 transilit,
693 4079 732 4123 ac
757 4065 790 4123 in
808 4064 933 4124 invidia
957 4064 1097 4124 dilaniat
1113 4078 1344 4140 quaecumque
1367 4061 1513 4136 diripere
1537 4059 1669 4136 poterit.
1692 4057 1785 4130 Quod

237 4174 349 4227 autem
366 4170 468 4229 stanti
486 4177 580 4232 rotae
596 4172 777 4234 molendini
796 4174 966 4252 implicata
982 4181 1045 4251 est,
1064 4175 1127 4236 hoc
1143 4180 1207 4250 est,
1225 4173 1313 4250 quod
1331 4173 1471 4233 inrecto
1489 4171 1608 4231 itinere
1619 4186 1684 4230 non
1701 4170 1789 4230 ince-

236 4267 297 4344 dit,
316 4270 376 4331 sed
398 4273 487 4347 quod
506 4274 539 4333 in
562 4277 701 4352 propria
724 4276 895 4337 voluntate
920 4295 980 4338 sua
997 4279 1153 4354 quiescit,
1171 4277 1250 4354 quia
1273 4293 1338 4336 non
1359 4276 1462 4336 alium
1486 4289 1587 4350 quarn
1604 4289 1663 4334 cor
1686 4288 1785 4332 suum

238 4373 403 4451 sequitur,
422 4375 468 4436 ita
484 4376 572 4452 quod
590 4377 744 4438 manibus
761 4380 832 4439 suis
850 4381 1042 4456 superiores
1056 4381 1168 4442 radios
1184 4379 1334 4457 eiusdem
1351 4385 1445 4439 rotae
1458 4383 1560 4452 tenet,
1578 4382 1612 4435 et
1628 4374 1716 4452 quod
1732 4389 1789 4451 pe-

236 4477 336 4539 dibus
353 4479 424 4539 suis
442 4495 544 4558 supra
561 4482 737 4544 inferiores
762 4485 874 4546 radios
891 4491 971 4559 stat,
997 4486 1155 4562 quoniam
1172 4501 1272 4562 opera
1296 4501 1357 4544 sua
1375 4484 1408 4544 ln
1431 4483 1632 4542 exaltatione
1650 4481 1794 4542 liberta-'

238 4582 284 4643 tis
300 4586 456 4662 propriae
479 4588 664 4649 voluntatis
689 4605 769 4650 suae
793 4591 952 4652 audacter
976 4592 1117 4668 perlicit,
1135 4591 1192 4652 ubi
1216 4591 1318 4651 etiam
1333 4590 1479 4666 vestigia
1505 4605 1566 4649 sua
1590 4588 1624 4647 in
1648 4587 1680 4648 id
1697 4587 1787 4664 quod

236 4687 387 4750 deterius
411 4691 444 4751 in
460 4692 577 4753 eadem
601 4693 756 4754 libertate
772 4700 835 4770 est,
853 4697 959 4772 ponlt;
984 4697 1063 4774 quia
1079 4711 1145 4757 non
1161 4695 1200 4757 ad
1224 4694 1403 4771 iustitiam,
1430 4692 1489 4752 sed
1506 4690 1548 4752 ad
1572 4690 1786 4767 iniquitatem

236 4807 370 4871 semper
387 4796 500 4858 tendit.
520 4799 636 4860 Crines
654 4805 766 4861 autem
783 4801 942 4879 incapite
966 4801 1159 4877 nonhabet,
1178 4800 1336 4878 quoniam
1361 4798 1451 4858 omni
1468 4797 1592 4860 bonore
1613 4797 1720 4858 bonae
1739 4795 1787 4858 la·
1871 4853 1878 4862 ,

238 4911 313 4956 mae
329 4903 362 4958 et
386 4901 507 4961 salutis
524 4908 669 4963 mentem
687 4903 831 4964 bominis
857 4905 907 4965 ira
923 4903 1079 4978 denudat,
1099 4905 1145 4964 ita
1161 4904 1249 4981 quod
1266 4903 1367 4963 etiam
1394 4901 1493 4962 homo
1509 4899 1590 4977 quid
1614 4900 1736 4962 bonum
1752 4904 1787 4959 et

237 4998 317 5074 quid
333 5000 459 5076 justum
477 5004 532 5078 sit,
552 5007 584 5065 in
602 5007 652 5067 ira
670 5024 730 5067 sua
747 5025 812 5069 non
828 5009 1028 5068 considerat.
1046 5008 1137 5068 Unde
1153 5014 1187 5068 et
1204 5013 1274 5068 toto
1292 5021 1433 5083 corpore
1449 5005 1537 5066 nuda
1562 5011 1627 5080 est,
1645 5003 1724 5082 quia
1741 5003 1786 5062 si-

238 5103 272 5162 bi
290 5112 417 5167 vestem
442 5111 661 5172 correctionis
678 5129 743 5172 non
768 5114 1001 5190 circumponit,
1020 5114 1078 5175 sed
1103 5113 1190 5190 quod
1208 5114 1310 5174 etiam
1328 5110 1361 5170 in
1379 5109 1491 5172 lurore
1508 5125 1581 5184 suo,
1605 5109 1694 5186 quod
1711 5125 1788 5171 con-
