3998 6100
902 513 928 558 S.
954 512 1221 565 HlLDEGARDIS

999 767 1118 828 XXXV.

781 976 941 1037 Mirabttis
966 979 1107 1037 tantais
1131 979 1334 1056 reformetis).

326 1191 379 1252 ll'l.
403 1189 443 1249 Et
465 1187 555 1247 idern
578 1185 632 1244 vir
656 1197 692 1244 se
716 1182 757 1242 ad
779 1182 947 1242 Orientem
964 1184 1077 1258 vertit,
1098 1185 1143 1244 ita
1160 1184 1249 1261 quod
1265 1191 1299 1245 et
1315 1184 1485 1246 Orientem
1501 1193 1535 1248 et
1551 1189 1711 1250 Austrum
1729 1191 1833 1270 inspi-

276 1296 336 1371 cit,
362 1291 521 1371 quoniam
542 1288 631 1348 Deus
657 1287 690 1346 in
710 1287 875 1362 principio
892 1287 1005 1346 mundi
1022 1294 1196 1348 creaturas
1213 1289 1311 1364 quasi
1329 1287 1511 1366 fulgentem
1528 1291 1633 1352 solem
1648 1295 1829 1368 procedere

273 1396 390 1474 jussit;
416 1399 450 1454 et
473 1409 531 1453 aas
551 1407 617 1452 non
635 1391 744 1450 solum
760 1390 928 1466 produxit,
946 1390 1124 1451 sedetiam
1142 1391 1175 1451 in
1191 1391 1397 1468 perfectione
1412 1395 1510 1471 quasi
1528 1395 1700 1456 innostro
1717 1401 1830 1460 multi-

276 1501 427 1579 plicavit,
452 1513 529 1559 oum
551 1502 587 1557 et
609 1496 778 1555 bominem
800 1495 858 1571 qui
875 1495 999 1556 bonum
1015 1495 1216 1572 principium
1234 1497 1374 1574 accepit,
1392 1503 1427 1558 et
1443 1499 1501 1575 qui
1517 1498 1559 1560 ab
1577 1500 1634 1559 illo
1650 1501 1685 1560 in
1701 1503 1826 1562 malum

271 1609 464 1678 corruerat,
493 1616 559 1662 non
582 1604 713 1659 tanturn
737 1597 777 1658 ad
802 1597 1003 1674 principium
1020 1614 1119 1658 suum
1136 1598 1344 1676 reformavit,
1363 1600 1541 1662 sedetiam
1557 1601 1704 1678 maiores
1720 1603 1826 1664 virtu-

271 1715 325 1769 tes
341 1704 533 1768 sanctitatis
550 1703 584 1762 in
600 1716 640 1762 eo
656 1699 833 1760 dedicavit.

982 1911 1118 1972 XXXVI.

708 2120 812 2180 Nereo
835 2122 872 2180 in
895 2119 1047 2197 opartbm
1072 2121 1139 2181 Deo
1162 2121 1379 2182 assimiletur.

311 2335 364 2397 48.
389 2333 451 2394 Sed
475 2330 564 2409 quod
586 2329 702 2390 vultus
719 2327 792 2405 eius
810 2333 903 2388 tanta
926 2327 1081 2388 claritate
1098 2325 1216 2404 fulget,
1235 2327 1324 2404 quod
1340 2343 1417 2387 eum
1433 2327 1475 2388 ad
1492 2327 1678 2404 perlectum
1695 2328 1818 2389 intueri

262 2455 329 2499 non
352 2443 459 2515 potes,
486 2435 549 2494 hoc
570 2439 624 2494 est
641 2430 730 2508 quod
747 2437 865 2492 saneta
881 2430 1046 2490 Divinitas
1063 2435 1132 2492 tam
1148 2430 1270 2490 ardens
1287 2435 1320 2490 et
1336 2435 1406 2490 tam
1422 2431 1514 2491 clara
1531 2432 1565 2490 in
1581 2431 1670 2491 omni
1686 2431 1817 2492 bonita-

263 2549 298 2602 te
321 2547 355 2602 et
376 2539 509 2617 justitia
532 2541 600 2611 est,
627 2535 717 2612 quod
740 2549 815 2595 eam
837 2534 951 2595 nullus
976 2534 1121 2593 scrutari
1145 2534 1245 2594 valet.
1263 2533 1345 2594 Nam
1361 2539 1497 2610 praeter
1511 2534 1627 2609 Deum,
1645 2534 1733 2594 Deus
1750 2551 1817 2596 non

264 2649 333 2719 est;
359 2645 414 2703 cui
439 2643 472 2702 in
496 2638 655 2717 operibus
673 2638 745 2698 suis
761 2653 858 2698 nemo
876 2637 1096 2712 assimilatur,
1114 2639 1273 2714 quoniam
1289 2638 1323 2698 in
1339 2637 1495 2698 omnibus
1513 2638 1725 2698 mirabilibus
1742 2639 1816 2700 suis

261 2749 359 2809 solus
374 2747 463 2806 Deus
476 2750 540 2819 est,
559 2758 645 2821 quae
661 2743 775 2817 etiam,
790 2743 879 2802 sicut
894 2749 928 2801 et
945 2742 1027 2818 ipsc,
1043 2742 1394 2820 incomprehensibilia
1411 2748 1498 2802 sunt.
1512 2742 1587 2818 lpse
1603 2743 1706 2802 ctiam
1723 2743 1812 2818 ignis

262 2852 327 2910 iste
350 2853 414 2923 est,
439 2847 480 2906 de
504 2861 570 2923 quo
595 2844 704 2921 angeli
728 2845 846 2904 ardent
870 2850 904 2904 et
927 2845 1054 2920 vivunt;
1080 2851 1115 2905 et
1138 2846 1277 2905 claritas
1302 2845 1370 2921 illa,
1389 2845 1430 2904 de
1447 2861 1513 2921 qua
1529 2845 1674 2921 plurima
1691 2861 1814 2908 arcana

263 2950 460 3028 procedunt,
483 2963 569 3025 quae
593 2945 681 3006 inira
705 2947 870 3006 saritam
894 2946 1132 3006 miraculorum
1156 2945 1290 3022 habent,
1315 2963 1401 3023 quae
1425 2947 1460 3006 in
1481 2946 1549 3006 Deo
1569 2952 1631 3006 cst.
1654 2946 1813 3007 Miracula

257 3055 349 3114 enim
373 3054 438 3113 ista
463 3067 565 3129 supra
589 3066 721 3112 omnem
744 3065 932 3126 numerum,
950 3051 1008 3127 qui
1026 3053 1059 3112 in
1075 3051 1169 3112 coelo
1185 3055 1220 3110 et
1236 3052 1269 3110 in
1286 3057 1377 3112 terra
1394 3066 1434 3111 ao
1450 3051 1484 3112 in
1500 3050 1623 3126 abysso
1639 3055 1703 3126 est,
1720 3050 1811 3112 diota

258 3163 349 3218 sunt.

959 3260 1108 3322 XXXVII.

718 3465 934 3544 dispositioni
958 3467 1020 3527 Dei
1045 3468 1157 3526 omnia
1179 3465 1343 3528 obediunt.

298 3676 352 3737 le.
378 3675 427 3738 nd
443 3691 482 3737 os
498 3687 631 3753 quoque
648 3674 721 3750 eJ'us
737 3673 879 3736 eandida
894 3674 1001 3735 nubes
1017 3679 1081 3749 ast,
1100 3689 1186 3751 quae
1203 3673 1457 3735 similitudinem
1473 3673 1574 3734 tubae
1591 3671 1704 3749 babet,
1722 3689 1804 3751 quo-

251 3783 342 3844 niam
364 3783 497 3844 divinae
520 3781 687 3843 voluntati
710 3779 825 3841 divina
847 3786 885 3841 at
905 3780 1021 3842 suavis
1044 3779 1233 3856 dispositio,
1253 3780 1286 3840 in
1302 3777 1598 3856 comprehensione
1614 3777 1803 3840 divinarum

248 3888 469 3949 emissionum
492 3886 661 3963 adjuncta,
679 3891 715 3945 ut
732 3903 751 3946 a
768 3885 849 3946 tuba
865 3902 980 3956 sonus,
997 3885 1160 3962 procedit;
1179 3885 1282 3946 etiam
1299 3885 1447 3946 omnium
1464 3899 1623 3946 sonorum
1639 3884 1803 3946 velociter

252 3991 445 4052 sonantium
461 3991 559 4068 plena
575 3997 639 4066 est,
658 3991 736 4067 quia
753 3990 968 4067 dispositioni
987 3990 1047 4050 Dei
1063 3991 1186 4065 omnia,
1204 3989 1277 4049 sire
1293 3989 1517 4064 rationabilia,
1536 3989 1608 4050 sive
1625 3989 1802 4050 irrationa-

247 4091 340 4167 bilia,
366 4097 501 4151 strenue
525 4091 685 4152 obediunt
709 4092 741 4153 in
765 4091 970 4168 plenitudine
994 4091 1225 4169 subjectionis,
1243 4095 1278 4152 et
1294 4090 1358 4152 hoc
1375 4092 1417 4151 ad
1435 4091 1596 4152 honorem
1612 4097 1647 4151 et
1663 4091 1796 4152 laudem

246 4197 366 4272 ipsius,
392 4197 549 4273 quoniam
571 4197 659 4257 Deus
683 4213 723 4258 ea
746 4199 883 4258 creavit.
908 4197 997 4257 Deus
1014 4213 1158 4274 namque
1174 4197 1281 4256 bonus
1297 4201 1361 4273 ast,
1378 4204 1412 4258 et
1429 4199 1540 4258 omnia
1557 4213 1643 4274 quae
1660 4198 1703 4259 ab
1722 4197 1796 4274 ipso

246 4300 443 4378 procedunt,
461 4302 548 4363 bona
565 4307 652 4362 sunt.

937 4515 1103 4578 XXXVIII.

508 4729 555 4790 De
580 4725 683 4788 tribus
708 4729 769 4787 viis
784 4723 940 4801 justitiae
963 4731 1000 4788 io
1024 4727 1128 4790 tribus
1152 4726 1320 4790 ordinibus
1344 4725 1521 4790 beatorum.

286 4937 340 5000 50.
364 4937 454 4998 Unde
480 4937 513 4996 in
535 4938 687 4998 eamdem
711 4935 826 4998 tubam
847 4937 926 4997 dum
943 4935 1031 4999 idem
1047 4936 1100 4999 vir
1115 4937 1230 5000 ilatum
1247 4937 1314 5016 dat,
1333 4943 1403 5000 tres
1419 4944 1537 5000 ventos
1554 4934 1690 5012 emittit,
1708 4950 1790 5014 quo·

239 5041 329 5100 niam
353 5040 553 5118 profundam
576 5041 832 5119 dispositionem
853 5043 1039 5103 voluntatis
1056 5057 1137 5103 suae
1152 5042 1241 5102 Deus
1259 5046 1389 5103 secreta
1406 5039 1621 5120 inquisitione
1638 5048 1789 5119 pertran-

238 5146 344 5220 siens,
375 5151 445 5205 tres
472 5145 546 5207 vias
571 5145 724 5222 justitiae
752 5145 785 5206 in
809 5146 918 5206 tribus
942 5145 1117 5206 ordinibus
1141 5145 1315 5206 beatorum
1336 5145 1517 5222 procedere
1535 5143 1625 5221 iecit,
1643 5159 1787 5222 quorum
