3998 6100
716 581 833 628 staca
860 581 959 628 virm
986 577 1220 628 anatronun
1661 569 1705 630 lli

192 723 208 762 ι
229 704 315 776 flcio,
340 703 374 762 et
398 700 486 776 quod
512 700 544 760 in
568 711 608 759 eo
633 715 824 774 persevero,
842 703 876 761 et
892 700 981 778 quod
998 701 1165 761 neminem
1181 701 1353 776 conculco,
1371 700 1429 760 sed
1447 702 1559 762 omnia
1575 703 1607 763 in
1626 703 1739 780 quiete

193 827 209 865 »
230 808 348 880 habeo,
373 807 408 866 et
431 817 529 866 nemo
553 793 753 864 condemnat
775 820 826 864 me
842 800 876 874 ¹).
895 805 958 864 Sed
975 820 1051 866 cum
1068 807 1103 864 tu
1121 805 1241 865 turrim
1257 805 1369 880 origia,
1388 805 1505 867 inuno
1523 808 1626 867 verbo
1644 808 1737 866 illam

192 911 384 984 »destruo,
411 925 450 968 ac
474 908 586 969 omnia
609 908 718 983 spolia
740 908 813 984 eius
836 908 973 983 dissipo.
998 909 1037 970 Et
1061 910 1110 969 sic
1135 909 1270 983 peribis,
1296 925 1358 984 ego
1383 913 1495 971 autem
1512 911 1547 971 in
1562 913 1737 972 aeternum

192 1034 208 1072 a
229 1013 440 1090 permanebo.
462 1031 476 1068 »

915 1212 1002 1280 XIII.

747 1425 846 1488 verta
869 1429 1002 1504 ineptae
1028 1427 1185 1487 laetitiae.

234 1640 286 1700 at.
313 1637 460 1714 Septima
483 1653 564 1696 vero
588 1636 698 1711 imago
723 1649 744 1694 a
767 1649 899 1696 sursum
925 1649 1031 1711 usque
1052 1633 1093 1694 ad
1110 1633 1241 1696 lumbos
1260 1632 1399 1695 formam
1417 1633 1560 1696 hominis
1578 1636 1735 1714 habebat,

189 1747 327 1819 excepto
351 1743 439 1821 quod
464 1757 583 1801 manus
606 1741 679 1817 eius
703 1742 741 1800 ut
765 1755 882 1799 manus
907 1739 1024 1799 simiae
1050 1737 1193 1814 fuerant;
1219 1754 1239 1800 a
1263 1738 1385 1799 lumbis
1409 1741 1519 1800 autem
1537 1743 1571 1801 et
1586 1741 1736 1818 dorsum,

187 1862 329 1922 capreae
353 1845 615 1918 assimilabatur,
642 1843 700 1904 sed
720 1841 822 1917 pedes
839 1841 912 1918 ejus
928 1842 1109 1917 praedictis
1127 1842 1275 1904 tenebris
1293 1844 1340 1902 ita
1357 1842 1447 1902 inllxi
1465 1846 1571 1920 erant,
1590 1845 1680 1921 quod
1696 1845 1738 1905 ad

189 1951 374 2028 perlectum
390 1966 449 2011 eos
466 1949 581 2008 videre
597 1963 664 2009 non
680 1950 843 2022 poteram.
862 1947 937 2020 Ipsa
952 1961 1086 2022 quoque
1102 1947 1195 2006 nulla
1214 1947 1406 2008 indumenta
1423 1946 1579 2024 habebat,
1594 1949 1652 2008 sed
1666 1950 1738 2010 tota

188 2054 279 2116 nuda
294 2056 462 2132 apparuit,
480 2057 514 2114 et
530 2051 673 2112 dicabat:

235 2160 286 2219 25.
307 2177 323 2216 r
340 2157 476 2217 bulcem
493 2156 597 2216 vitam
613 2161 649 2216 et
665 2152 839 2229 pulchram
856 2153 944 2214 viam
963 2155 996 2214 in
1008 2169 1061 2215 me
1075 2154 1220 2230 invenio,
1234 2157 1268 2216 et
1280 2169 1385 2230 quare
1398 2154 1441 2214 ab
1456 2154 1514 2214 illa
1528 2156 1737 2217 abstinerem

192 2281 208 2320 a
228 2261 298 2322 me?
320 2261 428 2320 Vitam
453 2259 542 2320 enim
567 2259 678 2334 istam,
703 2257 737 2317 ln
761 2272 828 2334 qua
845 2259 960 2318 creata
976 2273 1061 2332 sum,
1080 2256 1167 2318 Deus
1184 2257 1267 2317 mihi
1283 2256 1385 2332 dedic
1404 2258 1534 2334 etquid
1552 2259 1595 2318 ob
1612 2259 1687 2334 hoc,
1708 2261 1737 2320 si

193 2384 209 2422 ›
228 2366 343 2442 aliqua
367 2363 495 2424 laetitia
512 2363 545 2423 in
562 2377 662 2423 carne
679 2377 754 2421 mea
770 2359 840 2421 esti
857 2360 1002 2435 Cuprum
1020 2361 1108 2420 enim
1127 2361 1235 2435 primo
1250 2357 1276 2439 ²)
1294 2359 1426 2434 durum,
1444 2367 1479 2420 et
1496 2362 1589 2422 velut
1603 2363 1737 2437 nigrum

192 2491 209 2529 r
228 2472 283 2545 sit,
304 2469 454 2545 apparet,
473 2467 530 2528 sed
548 2471 666 2541 postea
681 2466 773 2526 velut
789 2479 907 2525 aurum
926 2463 1076 2540 fulgebit:
1096 2465 1143 2524 ita
1158 2465 1259 2525 etiam
1277 2463 1305 2523 si
1323 2463 1438 2540 aliqua
1455 2463 1570 2524 sordes
1586 2464 1620 2525 in
1636 2481 1738 2524 carne

191 2593 208 2630 a
228 2589 302 2634 mea
317 2575 379 2648 est,
398 2571 564 2645 culpabile
579 2585 646 2630 non
662 2571 724 2630 est.
742 2568 835 2629 Multi
852 2569 940 2629 enim
959 2569 992 2628 in
1008 2570 1171 2629 coecitate
1189 2567 1288 2644 hujus
1304 2568 1395 2627 vitae
1408 2569 1497 2641 sunt,
1513 2568 1570 2643 qui
1583 2567 1738 2628 nesciunt

191 2697 208 2735 n
227 2678 308 2754 quid
326 2677 465 2737 iaciunt.
482 2674 550 2749 Ego
568 2679 680 2734 autem
700 2673 797 2734 istam
815 2671 917 2733 vitam
937 2673 1019 2748 scio,
1037 2679 1072 2732 et
1087 2688 1160 2732 eam
1179 2671 1304 2732 habere
1320 2671 1485 2730 desidero.
1506 2687 1521 2726 r

909 2875 1012 2956 xnn

676 3091 884 3168 Responsum
909 3090 1050 3166 gemitus
1075 3088 1117 3148 od
1140 3089 1249 3148 deuon

237 3305 289 3366 26.
315 3303 353 3365 Et
379 3303 500 3364 iterum
524 3300 566 3362 de
582 3299 756 3375 praedicta
772 3297 906 3359 turbida
921 3296 1009 3357 nube
1026 3295 1139 3356 audivi
1156 3311 1272 3354 vocem
1290 3295 1368 3354 huic
1387 3295 1524 3371 imagini
1540 3310 1735 3370 responsum

189 3410 334 3470 dantem:
362 3427 378 3466 α
405 3407 453 3466 Tu
476 3403 576 3480 nuda,
601 3419 705 3480 quare
728 3417 795 3462 non
816 3401 999 3475 erubescis,
1017 3399 1105 3476 quod
1123 3415 1257 3460 coecam
1274 3402 1308 3460 et
1325 3401 1449 3458 mutam
1467 3398 1570 3458 vitam
1587 3415 1647 3474 pro
1664 3401 1736 3460 vita

192 3533 208 3570 s
230 3513 288 3598 illa
312 3511 427 3583 habes,
453 3509 487 3568 in
510 3523 578 3585 qua
600 3507 693 3567 nulla
715 3508 879 3566 nocturna
898 3504 1086 3564 obscuritas
1107 3502 1176 3563 est?
1191 3503 1228 3562 In
1245 3501 1394 3562 moribus
1411 3502 1498 3562 enim
1517 3503 1583 3562 tuis
1600 3519 1733 3562 omnem

194 3643 208 3674 »
225 3616 389 3693 justiliam
407 3616 441 3674 el
457 3613 632 3672 veritatem
653 3609 870 3682 transcendis,
889 3623 928 3668 ac
945 3609 978 3668 in
996 3607 1150 3668 rationali
1168 3607 1237 3666 vita
1253 3621 1318 3666 non
1335 3607 1432 3665 vivis.
1448 3605 1516 3682 Ego
1533 3609 1644 3666 autem
1663 3622 1736 3665 sae-

192 3723 375 3782 »cularem
400 3719 502 3777 vitam
527 3717 614 3776 sicut
639 3714 750 3775 fenum
776 3728 929 3774 arescere
953 3713 1035 3786 sclo,
1061 3711 1147 3772 unde
1168 3713 1202 3771 et
1217 3710 1259 3770 ad
1278 3709 1368 3768 illam
1387 3710 1531 3785 suspiro,
1549 3725 1635 3784 quae
1651 3725 1735 3768 nun-

192 3847 207 3886 »
228 3841 326 3903 quam
344 3822 485 3884 deficiet.
503 3821 688 3881 coelestem
706 3819 807 3878 etiarn
826 3817 1045 3886 harmoniam,
1063 3817 1097 3874 et
1113 3815 1226 3874 omnia
1240 3813 1393 3888 angelica
1405 3815 1438 3871 et
1451 3810 1639 3887 spirltualia
1652 3827 1734 3885 gau-

191 3951 207 3986 »
227 3931 282 3989 dia
306 3928 346 3987 ad
371 3941 423 3987 me
441 3924 549 4000 traho,
567 3923 686 3984 neoda
705 3922 786 3997 ipsis
802 3920 947 3982 saturari
964 3934 1110 3993 possum,
1129 3917 1209 3993 quia
1226 3916 1416 3976 societatem
1435 3929 1510 3974 cum
1529 3914 1595 3973 illis
1613 3914 1731 3989 habeo,

190 4053 206 4092 a
227 4047 448 4108 necunquam
467 4030 509 4089 ab
525 4029 573 4088 als
590 4025 768 4086 discedam.
790 4044 805 4082 n

927 4225 995 4292 XV.

848 4439 947 4502 terto
969 4443 1082 4518 ytarlii.

234 4655 286 4720 at.
310 4657 350 4718 at
373 4649 442 4718 vidi
465 4649 553 4732 quod
576 4647 747 4730 praetatus
763 4649 816 4710 vIr
832 4648 1046 4725 evaginatum
1064 4645 1223 4723 gladium,
1243 4645 1310 4706 tras
1326 4641 1416 4704 acies
1434 4641 1623 4716 habentem,
1641 4641 1730 4702 collo

188 4763 293 4840 ipsine
313 4765 431 4838 capulo
448 4760 639 4837 impositum
657 4755 784 4832 habuit,
802 4751 860 4833 qui
876 4751 938 4816 hac
954 4757 988 4815 et
1004 4753 1082 4812 illac
1098 4751 1141 4812 ad
1159 4750 1342 4812 feriendum
1360 4748 1566 4808 movebatur.
1585 4747 1625 4806 lat
1642 4746 1728 4805 idem

186 4868 317 4946 gladius
341 4868 433 4927 dixit:
461 4885 478 4924 ι
497 4865 608 4925 Zolum
626 4861 689 4924 zeli
712 4864 828 4923 contra
844 4859 1053 4938 Aquilonem,
1070 4857 1105 4918 et
1120 4859 1237 4917 contra
1253 4870 1367 4915 omnes
1384 4853 1441 4930 qui
1459 4851 1492 4911 in
1508 4866 1547 4909 eo
1565 4849 1728 4923 habitant,

188 4992 205 5033 a
227 4973 341 5033 habeo.
367 4971 446 5044 Quis
468 4968 591 5045 poterit
607 4965 822 5043 percutiendo
840 4980 893 5026 me
910 4961 1087 5039 superare?
1102 4961 1214 5021 Nemo.
1233 4959 1313 5019 Nam
1332 4973 1392 5032 ego
1410 4955 1583 5016 materiam
1602 4955 1634 5013 in
1652 4967 1730 5012 con-

188 5095 205 5136 »
223 5077 394 5154 junctione
412 5091 478 5134 non
495 5073 611 5134 habeo.
630 5071 688 5131 Vir
703 5071 791 5130 enim
809 5084 883 5130 cum
902 5067 1042 5129 muliere
1058 5079 1124 5125 non
1140 5064 1276 5123 vocavit
1292 5077 1356 5137 me,
1376 5060 1433 5121 sed
1450 5059 1562 5120 omnia
1577 5071 1678 5131 opera
1694 5057 1730 5116 in

224 5227 245 5294 1)
258 5235 422 5300 contempnat
434 5247 473 5283 nie
485 5226 518 5283 Α.
961 5223 966 5290 Ι
998 5223 1021 5286 ²)
1034 5223 1151 5292 primm
1165 5218 1209 5272 W.
