3998 6100
268 512 312 574 le
840 525 868 570 s.
896 523 1172 572 nranselnurs

234 660 315 704 vero
339 643 397 721 qui
422 643 590 704 flammam
614 642 752 702 rubeam
774 639 931 716 habebat,
956 643 1075 718 plenus
1092 639 1259 702 vermium
1273 648 1359 718 emt,
1378 658 1522 719 quorum
1539 642 1598 706 alii
1616 649 1653 706 ut
1669 636 1791 708 minuit

237 753 411 824 serpentes
430 747 575 822 luerunt,
595 746 652 806 alii
670 751 782 806 autem
797 744 916 806 laciem
929 752 1062 806 acutam
1079 751 1113 805 et
1129 745 1255 806 caudas
1271 751 1389 806 acutas
1407 746 1586 822 habebant,
1605 765 1721 808 omnes
1736 765 1795 826 pe·

235 849 335 910 dibus
352 855 516 910 carentes.
529 847 592 908 Sed
605 848 747 923 animae,
765 863 851 925 quae
868 848 902 906 in
918 863 1032 908 amore
1049 849 1176 910 saeculi
1192 853 1424 924 peccaverant,
1442 848 1522 910 dum
1539 850 1572 909 in
1587 851 1791 927 corporibus

236 954 308 1012 suis
326 952 481 1028 luissent,
500 952 587 1012 inter
603 951 665 1011 hos
688 951 774 1012 duos
792 951 885 1028 ignes
902 952 1088 1028 poenaliter
1103 957 1210 1026 erant,
1233 957 1267 1012 et
1283 951 1325 1013 ab
1342 957 1486 1029 utroque
1503 953 1579 1029 igne
1594 953 1790 1031 affligeban-

235 1063 301 1131 tur;
327 1055 386 1116 sed
411 1061 523 1115 tamen
543 1056 584 1115 de
608 1053 728 1114 ardore
746 1053 923 1114 rubicundi
941 1053 1028 1130 ignis
1043 1059 1077 1114 ot
1094 1054 1134 1114 de
1150 1053 1322 1116 morsibus
1337 1055 1502 1115 vermium
1518 1055 1592 1131 aius
1608 1057 1790 1133 praecipue

236 1161 488 1238 torquebantur.
513 1159 597 1220 Nam
623 1159 765 1234 animae,
791 1175 877 1236 quae
902 1160 1102 1221 incessabile
1127 1161 1276 1220 studium
1293 1160 1334 1220 ad
1350 1177 1500 1220 amorem
1521 1163 1648 1223 saeculi
1664 1162 1791 1224 babue-

235 1273 322 1344 rant,
348 1267 391 1328 ab
413 1266 477 1326 hoc
501 1265 626 1342 pallido
651 1266 726 1341 igne
752 1264 998 1340 affligebantur
1023 1271 1057 1325 et
1078 1281 1164 1342 quae
1182 1272 1252 1326 toto
1269 1265 1437 1326 desiderio
1454 1267 1486 1326 ei
1502 1267 1729 1344 inhaeserant,
1745 1267 1790 1328 ab

235 1371 302 1455 hoc
315 1371 419 1431 rubeo
437 1370 512 1445 igne
529 1369 762 1445 puniebantur.
785 1369 825 1429 Et
841 1384 928 1444 quae
946 1369 979 1428 in
996 1369 1114 1428 eodem
1129 1368 1297 1430 desiderio
1314 1369 1399 1430 duas
1416 1371 1649 1432 simulationes
1666 1373 1700 1433 in
1715 1387 1791 1448 per-

234 1475 298 1538 fida
322 1473 563 1536 consuetudine
587 1491 648 1534 sua
673 1473 871 1550 habuerant,
897 1475 944 1534 ita
968 1474 1058 1552 quod
1082 1475 1302 1536 laudaverant
1325 1475 1414 1552 quod
1430 1477 1480 1536 eis
1503 1477 1734 1554 displicuerat,
1753 1483 1789 1538 et

234 1581 323 1658 quod
346 1581 620 1656 vituperaverant
644 1579 732 1654 quod
749 1578 835 1655 ipsis
850 1577 1036 1654 placuerat,
1053 1579 1152 1657 quasi
1169 1580 1203 1638 in
1217 1579 1374 1640 molestia
1391 1581 1540 1656 graviter
1557 1579 1683 1641 ferrent
1699 1580 1789 1658 quod

235 1692 347 1745 tamen
370 1684 514 1744 libenter
539 1681 716 1758 faciebant,
743 1683 914 1744 cruciatus
938 1683 1103 1743 vermium
1120 1682 1262 1744 formam
1287 1687 1494 1761 serpentium
1518 1686 1713 1747 habentium
1727 1703 1787 1763 pa-

234 1790 414 1850 tiebantur.
440 1788 530 1860 Quae
554 1793 667 1847 autern
691 1787 723 1846 in
748 1787 969 1847 delectatione
993 1788 1118 1848 amoris
1143 1788 1269 1848 saeculi
1293 1788 1480 1850 delectatae
1494 1795 1602 1865 erant,
1629 1791 1789 1850 avermi-

234 1895 298 1956 bus
314 1894 372 1970 qui
391 1892 512 1953 faciem
528 1896 662 1952 acutam
680 1891 815 1966 babent,
833 1892 1080 1953 cruciabantur.
1098 1893 1237 1954 Animae
1252 1893 1353 1968 enim,
1372 1910 1458 1969 quaa
1475 1895 1510 1954 in
1527 1911 1642 1956 amore
1660 1896 1788 1956 saeculi

234 1999 344 2060 levius
367 1997 591 2074 deliquerunt,
617 1997 705 2056 hunc
729 1996 891 2073 pallidum
919 1996 1029 2072 ignem
1052 1995 1231 2072 habebant;
1249 2013 1336 2073 quae
1352 2014 1432 2058 vero
1449 2000 1588 2075 gravius
1605 2001 1639 2061 in
1654 2015 1694 2060 eo
1710 2015 1788 2077 peo-

235 2109 408 2177 caverunt,
434 2102 521 2162 hunc
546 2101 686 2162 rubeum
712 2103 821 2177 ignem
846 2117 922 2162 cum
939 2084 1111 2163 vermibus
1128 2102 1350 2165 sustinebant.
1367 2103 1407 2164 Et
1423 2120 1483 2182 per
1499 2106 1669 2166 viventem
1684 2104 1788 2182 Spiri-

235 2216 306 2269 tum
323 2207 404 2284 vidi,
423 2214 456 2266 et
475 2206 621 2267 intellexi
638 2205 730 2268 baec.

945 2430 1094 2491 Lxxvfl.

807 2642 854 2701 De
875 2643 992 2719 poenis
1012 2642 1209 2720 perpulerit.

275 2853 329 2914 91.
354 2853 394 2912 Et
411 2849 524 2912 audivi
540 2863 657 2908 vocem
672 2846 713 2907 de
737 2848 814 2908 viva
831 2849 905 2908 luce
922 2848 1004 2909 mihi
1020 2849 1197 2910 dicentem:
1215 2846 1305 2912 llaec
1322 2867 1408 2928 quae
1430 2851 1526 2911 vides
1543 2863 1623 2910 vera
1642 2855 1732 2923 sunt,
1751 2851 1786 2911 et

231 2964 267 3017 ut
283 2972 322 3016 ea
338 2954 445 3028 vides,
464 2954 511 3011 ita
528 2957 617 3024 sunt,
636 2956 669 3010 et
686 2951 782 3026 plura
799 2959 888 3012 sunt.
905 2952 987 3012 Nam
1004 2958 1170 3013 tormenta
1187 2969 1370 3029 poenarum
1389 2953 1532 3014 istarum
1548 2954 1785 3029 purgationem

228 3063 262 3124 in
279 3059 456 3122 animabus
481 3057 557 3117 istis
583 3055 719 3130 iaciunt,
746 3057 884 3132 quaein
907 3057 1103 3117 transitorio
1128 3058 1264 3117 saeculo
1287 3057 1452 3132 viventes,
1472 3057 1505 3117 in
1528 3074 1568 3117 eo
1589 3072 1650 3133 per
1673 3056 1787 3133 poeni-

229 3163 369 3225 tentiam
393 3160 627 3237 purgationem
650 3161 867 3235 peccatorum
884 3175 1022 3220 suorum
1039 3161 1151 3220 innon
1177 3157 1374 3220 transitorio
1399 3165 1604 3236 meruerunt,
1623 3177 1642 3220 a
1658 3158 1784 3236 quibus

229 3274 338 3330 morte
354 3265 590 3344 praeveniente
607 3264 740 3340 plenius
756 3264 790 3324 in
806 3279 907 3324 carne
924 3279 960 3324 se
976 3281 1042 3343 non
1061 3270 1302 3342 purgaverunt,
1321 3282 1340 3325 a
1357 3265 1481 3341 quibus
1504 3265 1607 3324 etiam
1624 3279 1686 3340 per
1699 3263 1787 3324 divi·

228 3391 270 3434 na
287 3371 419 3448 llagella
436 3369 631 3428 miserantis
647 3367 705 3427 Dei
724 3369 756 3428 in
774 3369 909 3448 saeculo
925 3368 1134 3428 examinatae
1151 3385 1215 3429 non
1240 3373 1330 3442 sunt;
1349 3367 1486 3428 undeet
1503 3367 1557 3426 bis
1573 3367 1690 3443 poenis
1706 3383 1787 3443 pur-

228 3477 409 3554 gabuntur,
434 3474 498 3534 nisi
524 3478 558 3533 et
581 3473 755 3534 laboribus
777 3473 929 3533 virorum
945 3478 978 3532 et
1002 3472 1188 3534 virtutibus
1212 3478 1418 3548 sanctorum,
1443 3489 1529 3549 quas
1553 3471 1643 3532 Deus
1663 3472 1784 3533 inillis

228 3585 389 3658 operatus
405 3583 469 3648 est,
487 3591 547 3653 per
564 3575 752 3636 invocatam
769 3577 929 3652 pietatem
945 3575 1079 3635 divinae
1096 3577 1237 3652 gratiae,
1256 3576 1299 3636 ab
1315 3575 1367 3635 eis
1382 3575 1580 3651 eripiantur.

925 3797 1089 3859 LXXVIII.

761 4008 879 4082 Quales
903 4009 1033 4068 animae
1054 4011 1261 4087 perperatur?

274 4221 328 4284 be.
354 4222 444 4294 Quae
468 4217 607 4280 enimin
631 4232 776 4280 numero.
794 4224 827 4279 et
853 4218 886 4277 in
910 4218 1141 4279 recordatione
1165 4217 1384 4279 beatitudinis
1409 4221 1499 4292 sunt,
1524 4211 1783 4294 purgationibus

232 4328 308 4386 istis
326 4325 475 4385 maculas
491 4327 707 4400 peccatorum
725 4337 864 4381 suorum
881 4322 1051 4397 amittunt,
1069 4329 1103 4383 et
1120 4322 1162 4383 ad
1179 4322 1392 4398 refrigerium
1410 4326 1595 4396 transeunt;
1609 4337 1687 4381 curn
1703 4320 1782 4382 illae

229 4447 315 4507 quae
333 4431 365 4490 in
381 4429 549 4489 oblivione
567 4431 656 4501 sunt,
676 4426 708 4485 in
725 4425 893 4485 oblivione
911 4417 1055 4485 alior'um
1072 4427 1314 4504 suppliciorum
1331 4431 1558 4502 permaneant.

915 4611 1094 4742 Lxxmui.

480 4857 643 4932 Quorraodo
663 4859 811 4918 homines
828 4873 975 4916 amorem
992 4856 1117 4916 saeculi
1133 4857 1168 4916 in
1185 4857 1368 4933 semetipsis
1382 4856 1539 4934 parnieni·

275 5071 329 5134 93.
355 5071 515 5130 Homines
532 5073 644 5128 autam
668 5066 726 5144 qui
744 5080 858 5126 amore
875 5065 1002 5124 saeculi
1024 5063 1193 5138 insudant,
1212 5063 1241 5124 si
1259 5063 1320 5126 hos
1337 5065 1502 5140 malignos
1522 5063 1674 5141 spiritus,
1689 5076 1781 5123 amo·

231 5193 300 5239 rem
318 5173 444 5235 sacculi
461 5174 511 5233 eis
528 5176 782 5249 praeponentes,
801 5185 961 5247 superare
979 5168 1155 5246 voluerint,
1172 5175 1207 5230 et
1223 5169 1251 5230 si
1269 5185 1394 5248 poenas
1411 5169 1484 5247 ejus
1504 5185 1590 5247 quas
1608 5169 1713 5247 vides,
1730 5166 1780 5230 el⁴
