3998 6100
859 552 1108 602 PROOEMIUM
1636 545 1710 597 XVII

203 705 262 770 tur
279 695 425 769 dubium
443 695 608 789 relinqui.
627 692 780 764 Videtur
806 692 863 764 hic
890 691 1039 764 Lutheri
1058 700 1217 786 tempora
1243 687 1473 786 praedixisse,
1501 687 1561 760 sed
1579 689 1613 760 id
1631 687 1763 760 elarius

200 826 379 924 perspicit,
399 823 460 919 qui
487 822 605 896 omnia
628 843 696 892 non
715 819 816 891 modo
833 817 1113 910 ColoniensIbus,
1128 817 1188 890 sed
1203 815 1309 903 etiam
1327 813 1595 888 Trevirensibus
1609 819 1644 885 et
1658 809 1763 884 Wer-

201 979 287 1027 nero
304 953 348 1026 de
365 951 536 1024 Kirchem
564 949 745 1047 praedicta
768 956 932 1021 accurate
951 947 1101 1020 voluerit
1119 946 1318 1043 expendere
1337 944 1389 1038 (n.
1408 945 1482 1039 92),
1503 971 1517 1008 v
1537 941 1765 1014 Trevirenses

203 1113 218 1148 α
238 1083 273 1154 in
288 1082 410 1154 multis
427 1080 619 1176 redarguit,
638 1087 672 1150 et
687 1077 730 1150 ad
745 1075 1003 1172 praedictiones
1020 1075 1219 1148 futurorum
1233 1075 1359 1171 pergit,
1375 1084 1409 1146 et
1423 1097 1493 1145 uon
1508 1071 1630 1144 dubito
1644 1068 1762 1142 obser-

201 1233 298 1302 vare,
314 1208 401 1281 nihil
418 1209 455 1280 in
472 1208 634 1281 omnibus
649 1207 724 1279 istis
738 1230 793 1278 me
810 1206 964 1301 reperire
981 1204 1075 1300 quod
1094 1227 1163 1277 non
1181 1204 1287 1276 luerit
1305 1203 1500 1299 impletum.
1528 1199 1650 1273 Facile
1668 1197 1762 1272 enirn

202 1335 347 1424 videbit,
367 1336 428 1432 qui
445 1335 629 1408 historiam
647 1333 921 1407 eeclesiasticam
939 1345 1131 1430 utcumque
1149 1335 1327 1428 cognitam
1346 1329 1464 1424 habet,
1482 1329 1585 1402 modo
1603 1327 1764 1401 attende-

202 1489 240 1537 re
255 1466 417 1557 voluerit,
445 1472 615 1560 quantum
644 1463 802 1535 Ecclesia
828 1465 968 1536 saeculo
986 1463 1080 1536 XVI
1100 1487 1202 1559 passa
1224 1461 1270 1534 sit
1296 1459 1546 1533 detrimentum
1573 1458 1624 1546 (n.
1644 1461 1721 1554 96).
1746 1487 1760 1521 s

202 1591 259 1664 Ad
279 1589 491 1662 Wernerum
510 1591 553 1662 de
570 1589 750 1678 Kirchern,
770 1615 801 1662 a.
826 1593 928 1678 1170,
949 1590 1204 1685 praedictiones
1224 1588 1342 1678 mittit,
1365 1619 1379 1654 v
1397 1611 1489 1684 quae
1501 1587 1643 1659 saeculo
1666 1585 1759 1658 XVI

203 1720 344 1792 omuino
361 1719 527 1817 impletae
544 1731 626 1792 sunt
643 1719 694 1813 (n.
718 1723 813 1816 100).
834 1720 955 1792 Nescit
972 1744 1066 1808 sane,
1087 1720 1172 1816 quid
1190 1721 1227 1790 in
1253 1719 1373 1791 eodem
1399 1715 1540 1791 saeculo
1566 1715 1700 1789 lactum
1718 1717 1764 1788 sit

203 1851 239 1920 in
258 1872 387 1943 magna
405 1855 504 1945 parte
522 1847 737 1922 Germaniae
755 1859 787 1921 et
808 1849 842 1919 in
862 1848 941 1920 aliis
958 1869 1096 1943 quoque
1124 1847 1251 1941 regnis,
1272 1852 1348 1918 tum
1366 1845 1401 1916 in
1430 1844 1506 1940 ipsa
1532 1844 1673 1937 Suevia,
1700 1843 1763 1916 ubi

204 1980 291 2051 haee
308 1979 403 2050 dicta
420 1977 574 2068 luerunt,
594 1979 655 2073 qui
673 2002 742 2050 nou
763 1977 930 2074 perspicit
948 1977 1067 2050 omnia
1084 2001 1157 2049 esse
1174 1976 1350 2074 completa
1368 1974 1419 2070 (u.
1442 1975 1540 2072 101).
1564 2007 1578 2040 a

253 2105 310 2178 Ad
328 2105 528 2201 Theologos
547 2129 649 2200 porro
669 2105 782 2202 pergit
801 2105 924 2176 doctus
942 2103 1164 2177 Bollandista
1182 2103 1270 2177 haec
1290 2105 1399 2177 verba
1417 2102 1581 2197 dirigere:
1604 2131 1618 2166 ι
1641 2101 1761 2188 Quan-

204 2264 310 2334 quam
329 2215 398 2310 nbn
417 2263 600 2335 possumus
626 2263 696 2311 nou
723 2238 845 2310 mirari
871 2246 1030 2310 sanctam
1052 2262 1073 2309 a
1095 2245 1147 2310 tot
1172 2237 1269 2327 viris,
1297 2235 1533 2333 dignitatibus
1559 2242 1593 2307 et
1612 2233 1761 2306 scientia

203 2371 355 2469 inclytis
376 2371 418 2443 de
432 2373 535 2444 rebus
552 2371 698 2444 occultis
711 2379 745 2443 et
759 2370 899 2443 arcanis
912 2370 1109 2442 consultam
1123 2367 1239 2463 luisse,
1255 2369 1369 2465 magis
1381 2376 1500 2441 tamen
1515 2369 1760 2464 obstupescere

202 2524 318 2596 cogor,
338 2500 420 2573 dum
439 2501 623 2597 perspicio,
642 2501 685 2572 ad
706 2500 886 2571 mulierem
906 2477 1094 2590 indoctam,
1123 2508 1157 2572 et
1175 2498 1288 2572 omnis
1305 2498 1473 2570 scientiae
1497 2497 1613 2571 studio
1639 2495 1760 2590 acqui-

203 2629 292 2702 sitae
311 2637 501 2726 expertem,
521 2629 656 2702 delatas
673 2627 779 2702 luisse
796 2628 1020 2724 quaestiones
1036 2651 1081 2701 ex
1100 2627 1278 2724 theologia
1303 2625 1560 2720 subtilissimas,
1588 2648 1632 2698 ex
1650 2627 1760 2697 saeris

204 2759 332 2830 litteris
345 2757 580 2847 difficillimas,
596 2759 780 2854 ipsamque
794 2784 862 2831 non
879 2759 1057 2832 dubitasse
1072 2783 1237 2856 respousa
1252 2759 1336 2832 dare
1350 2759 1550 2856 theologica
1563 2769 1598 2832 et
1611 2761 1762 2856 seriptu-

202 2887 333 2974 ristica,
351 2889 513 2981 quamvis
531 2888 723 2983 aliquando
748 2889 791 2961 ad
810 2890 981 2985 quaesita,
1001 2891 1139 2963 curiosa
1157 2891 1272 2986 magis
1288 2915 1396 2987 quarn
1414 2885 1527 2987 utilia,
1546 2890 1690 2988 plenum
1709 2915 1762 2963 re·

204 3039 369 3113 sponsum
391 3040 458 3088 non
477 3016 610 3089 dederit
628 3017 677 3112 (a.
699 3021 776 3090 114.
796 3015 847 3106 Cf.
868 3018 962 3106 infre
973 3043 1012 3110 p.
1030 3021 1111 3114 539,
1131 3023 1231 3118 540).
1257 3051 1271 3086 a

256 3143 317 3216 Nil
335 3144 445 3239 igitur
462 3143 629 3218 severiori
647 3145 810 3241 theologo
828 3146 954 3219 mirum
974 3147 1029 3241 sit,
1053 3148 1167 3244 prima
1183 3147 1413 3245 Hildegardis
1431 3173 1548 3248 opera,
1577 3150 1759 3223 doctorum

203 3275 284 3347 crisi
312 3276 348 3347 in
375 3275 522 3348 solemni
540 3285 715 3348 conventu
742 3277 944 3350 Trevireusi
971 3276 1139 3373 subjecta,
1167 3302 1245 3351 eum
1266 3281 1427 3353 unanimi
1453 3280 1580 3377 plausu
1607 3299 1756 3377 excepta

204 3403 322 3497 luisse,
341 3405 476 3498 deinde,
497 3413 568 3477 tres
584 3405 791 3502 praecipuos
808 3405 916 3478 libros
933 3407 978 3478 ab
996 3407 1072 3502 ipsa
1090 3405 1310 3502 Hildegarde
1327 3407 1586 3482 Parisiensibus
1606 3410 1755 3484 doctori-

204 3534 268 3606 bus
286 3533 431 3627 delatos,
460 3557 591 3630 perque
617 3535 703 3607 duos
720 3519 866 3607 menses
882 3538 996 3610 cribro
1022 3561 1196 3630 excussos,
1224 3539 1275 3611 ita
1295 3539 1456 3613 inventos
1480 3539 1588 3613 luisse
1613 3563 1763 3613 censura

205 3664 388 3758 immunes,
415 3673 455 3739 ut
484 3665 635 3760 insignis
660 3665 725 3753 vir,
758 3665 971 3738 Guillelmus
1003 3665 1327 3761 Autissiodorensis,
1356 3689 1447 3740 uuus
1473 3689 1517 3739 ex
1543 3667 1756 3756 censoribus,

204 3797 497 3868 commendandos
515 3795 808 3893 pronuntiaverit,
840 3827 853 3860 s
877 3796 970 3891 quod
989 3803 1078 3869 esset
1096 3797 1344 3891 magistrorum
1362 3796 1547 3888 sententia,
1568 3819 1636 3869 non
1655 3795 1692 3866 in
1711 3797 1761 3867 eis

203 3947 278 3996 esse
294 3925 403 3996 verba
420 3925 587 4018 humana,
607 3924 667 3997 sed
685 3924 807 3996 divina
824 3925 929 4017 (Ac-to
946 3949 977 3996 a.
999 3926 1103 4019 1233,
1122 3950 1157 3996 n.
1177 3927 1228 4019 9).
1254 3957 1266 3984 v

253 4047 321 4119 Sed
348 4048 440 4144 quod
466 4050 581 4146 majus
606 4059 668 4144 est,
697 4051 869 4146 Gregorio
896 4051 964 4142 IX,
983 4077 1053 4148 quo
1070 4052 1133 4125 alx
1159 4053 1251 4126 iuter
1270 4049 1452 4149 pontifices
1469 4051 1649 4126 Romanos
1670 4052 1762 4125 alius

209 4179 370 4252 doctrina
396 4181 568 4275 insignior
586 4189 647 4272 est,
668 4205 746 4255 cum
765 4181 801 4253 in
819 4204 941 4254 severa
958 4182 1053 4254 vitae
1069 4191 1103 4254 et
1121 4180 1370 4256 miraculorum
1387 4182 1624 4280 inquisitione,
1644 4178 1778 4262 omnia¹

205 4317 376 4403 quotquot
391 4319 476 4381 tunc
494 4311 660 4406 temporis
677 4311 810 4407 scripta
828 4307 1056 4406 Hildegardis
1074 4312 1272 4406 exstabant,
1293 4311 1426 4384 tradita
1441 4321 1475 4385 et
1488 4312 1645 4385 discussa
1662 4321 1755 4400 sunt,

209 4438 361 4510 innocua
379 4439 595 4510 manserunt.

258 4565 315 4636 Ita
335 4587 415 4638 vero
434 4574 552 4637 actum
571 4575 632 4657 est,
651 4589 758 4660 quum
778 4567 821 4637 ad
840 4567 979 4641 culmen
998 4577 1163 4665 provecta
1183 4576 1273 4641 esset
1290 4568 1468 4664 theologia
1480 4566 1667 4662 catholica,
1683 4589 1762 4638 cum

209 4696 254 4766 ab
269 4715 348 4767 arce
363 4695 536 4784 Romana,
553 4695 753 4767 acutissima
774 4705 863 4768 esset
881 4698 1062 4770 custodum
1082 4699 1250 4770 scientiae
1263 4719 1386 4771 sacrae
1402 4696 1601 4793 vigilanda,
1616 4705 1651 4769 et
1668 4719 1763 4768 sum-

209 4845 266 4891 ma
293 4819 542 4915 Magistrorum
570 4819 823 4894 Parisiensium
841 4825 1045 4897 auctoritas:
1065 4827 1156 4898 inter
1173 4849 1261 4922 quos
1278 4823 1509 4919 Hildegardis
1526 4821 1664 4918 judices
1681 4819 1764 4894 ade·

206 4958 287 5022 rant
304 4950 452 5022 fortasse
468 4975 546 5022 oum
566 4949 759 5023 Guillelmo
779 4953 1088 5043 Autissiodorensi,
1108 4953 1234 5026 Petrus
1252 4951 1472 5027 Lombardus
1490 4950 1545 5024 rel
1563 4950 1640 5023 Odo
1657 4951 1761 5023 Sues-

207 5081 387 5170 sionensis,
403 5081 476 5151 sive
490 5080 722 5154 Tusculanus.
739 5085 855 5156 Etiam
873 5109 965 5157 nurrc
981 5109 1051 5157 non
1066 5081 1202 5177 desunt,
1223 5109 1265 5156 ne
1283 5085 1494 5158 recentiores
1509 5084 1712 5156 innumeros
1728 5084 1763 5155 in

206 5229 345 5280 censum
366 5207 550 5300 adducam,
570 5211 630 5304 qui
647 5210 865 5304 dogmaticas
885 5212 1112 5308 llildegardis
1132 5212 1253 5284 laudes
1270 5219 1498 5302 renovarunt,
1526 5211 1684 5306 mihique
1701 5235 1762 5284 no·

273 5355 460 5426 Asinaeus
488 5355 528 5426 T.
557 5355 662 5428 VIII.
691 5361 711 5428 2
