3998 6100
709 884 1270 1012 PROOEMIUM

970 1413 999 1486 1.

259 1697 412 1771 Sanctae
429 1703 465 1769 et
481 1719 638 1769 summae
654 1692 882 1789 Hildegardis
898 1695 1040 1768 tandem
1059 1695 1228 1768 habemus
1252 1695 1428 1789 integrum
1452 1717 1551 1790 opus,
1579 1693 1616 1764 in
1634 1701 1705 1764 tres
1723 1688 1764 1764 li·

210 1821 293 1898 bros
321 1823 495 1912 divisum,
524 1823 585 1920 qui
611 1823 657 1895 ab
682 1823 760 1920 ipsa
786 1823 870 1895 dicti
902 1831 984 1896 sunt
1009 1825 1140 1898 Sciviae
1165 1847 1272 1916 unus,
1300 1823 1392 1896 alter
1424 1821 1519 1896 Vitae
1548 1825 1760 1912 meritorum,

211 1952 338 2024 tertius
355 1952 559 2024 Divinarum
576 1973 723 2043 operans
742 1973 889 2046 quorum
907 1950 1041 2024 medius
1057 1973 1152 2024 nunc
1169 1951 1320 2048 primam
1337 1951 1374 2023 in
1392 1951 1504 2024 lucem
1523 1950 1651 2024 editur.

164 2087 168 2096 '
259 2084 316 2156 Ac
332 2081 453 2155 mirari
470 2081 565 2154 subit
581 2104 644 2154 cur
662 2080 749 2152 adeo
765 2079 867 2152 tardo
884 2080 1063 2154 molimine
1079 2082 1116 2154 in
1134 2081 1287 2154 medium
1306 2081 1474 2178 prodierit
1491 2080 1582 2153 tenti
1600 2080 1763 2172 nominis,

211 2217 355 2305 tamquo
372 2209 530 2282 diuturni
549 2206 679 2280 laboris
696 2205 759 2278 illa
776 2229 883 2302 quam
900 2207 1015 2280 dicere
1031 2207 1085 2282 Ios
1103 2217 1155 2282 est
1175 2211 1359 2302 Tribpiom
1379 2207 1547 2281 fatidicae
1571 2208 1675 2300 vatis,
1702 2233 1764 2304 per

212 2347 303 2413 totos
319 2339 515 2438 stupendae
531 2338 627 2410 vitae
652 2358 764 2408 annos
781 2336 1010 2430 elaboratam,
1037 2339 1182 2412 summis
1207 2339 1293 2412 viris
1310 2363 1353 2412 ac
1369 2338 1476 2434 primi
1499 2337 1657 2411 subsellii
1684 2363 1763 2435 pro-

211 2467 330 2539 batam
351 2467 537 2564 magistris,
565 2473 677 2539 ortam
704 2465 741 2538 in
759 2465 898 2539 saeculo
923 2467 1110 2562 grandium
1128 2492 1273 2565 operum
1290 2477 1324 2541 et
1341 2469 1563 2564 ingeniorum
1588 2467 1762 2540 feracissi-

209 2618 276 2686 mo,
295 2596 403 2669 immo
420 2595 547 2693 plausu
564 2601 747 2691 exceptam
766 2595 968 2691 apostolico.
1162 2581 1165 2586 ¹

258 2722 374 2824 Obvia
391 2732 466 2797 crat
482 2724 519 2796 in
536 2723 687 2820 publicis
712 2723 934 2802 bibliothecis
951 2725 1057 2797 series
1073 2725 1180 2798 trium
1197 2726 1368 2799 librorum
1386 2725 1623 2822 integerrima.
1651 2726 1760 2798 Haud

209 2877 360 2950 magnae
376 2853 479 2926 molis
495 2853 676 2925 volumina
694 2860 806 2944 orant,
824 2876 896 2925 non
912 2852 1017 2925 semel
1037 2854 1073 2925 in
1091 2877 1201 2928 unum
1227 2863 1360 2927 tomum
1373 2862 1505 2947 coacta,
1520 2877 1626 2950 saepe
1651 2854 1764 2926 eidem

208 2981 341 3056 inserta
357 2980 468 3056 codici
486 3005 531 3054 ex
549 3006 617 3077 quo
634 2981 765 3078 scripta
784 2981 929 3053 minoris
946 2983 1114 3055 momenti
1140 2983 1326 3079 diligenter
1349 2991 1494 3080 accepta
1511 2991 1604 3056 sunt.
1622 2984 1762 3066 Nihilo-

209 3109 325 3182 minus
338 3111 413 3206 jam
430 3135 452 3183 a
469 3111 630 3208 plurimis
654 3110 775 3184 lustris
800 3110 985 3184 fervebant
1010 3112 1132 3208 praela
1150 3120 1331 3209 typorum,
1358 3113 1483 3210 opellis
1508 3113 1612 3186 toties
1632 3113 1761 3216 redun-

210 3242 344 3336 dantia,
371 3267 479 3340 quum
500 3215 599 3316 vanno
620 3245 725 3333 1513,
746 3267 826 3340 pars
842 3244 957 3340 prima
981 3268 1043 3318 sou
1058 3245 1188 3318 cauas
1209 3245 1327 3335 (aliter
1348 3247 1427 3320 scito
1443 3247 1516 3318 vias
1532 3246 1689 3338 Domini)
1717 3246 1762 3316 ab

209 3371 434 3445 incunabulis
450 3373 639 3446 oriebatur.
666 3372 816 3446 Saecula
842 3397 946 3469 porro
963 3382 1040 3469 post
1060 3374 1129 3448 duo
1147 3382 1181 3449 et
1198 3374 1291 3470 quod
1307 3372 1474 3464 excurrit,
1502 3395 1534 3445 a.
1557 3374 1660 3462 1761,
1689 3373 1759 3444 Do·

210 3500 339 3573 minico
358 3499 472 3572 Mansi
490 3502 694 3573 occurrebat
712 3501 837 3572 ultIma
856 3525 937 3595 pars
953 3502 1158 3576 Diviuorum
1175 3526 1322 3595 operum,
1349 3525 1455 3598 quam
1475 3502 1510 3573 in
1533 3501 1674 3575 Baluzii
1693 3501 1761 3572 IIi-

206 3629 381 3700 scellanea
400 3628 557 3700 inseruit.
585 3628 799 3700 intermedia
820 3652 899 3723 pars
919 3629 1079 3724 neglecta
1093 3630 1246 3726 jacebat3
1273 3629 1397 3702 hiabat
1414 3628 1539 3701 misere
1554 3629 1681 3700 mutila
1707 3628 1761 3698 in-

207 3779 294 3849 gens
311 3755 455 3843 fabrica,
483 3755 519 3826 in
548 3755 624 3852 ipsa
649 3779 818 3852 compage
845 3757 1043 3853 interrupta
1068 3766 1103 3830 et
1130 3758 1300 3854 pendens,
1325 3757 1435 3831 donec
1462 3757 1649 3830 adderetur
1673 3757 1762 3828 liber

215 3883 310 3957 Vitae
326 3887 530 3976 meritorum,
551 3884 611 3980 qui
630 3908 724 3957 nunc
742 3885 927 3981 profertur,
946 3887 1092 3958 caeteris
1108 3887 1256 3960 fortasse
1273 3886 1517 3983 praestantior.

256 4011 388 4108 Elapso
415 4013 509 4086 enim
535 4013 648 4086 altero
665 4011 815 4101 saeculo,
842 4020 926 4085 ants
951 4013 1015 4086 hos
1039 4014 1278 4111 quadraginta
1295 4038 1417 4104 annos,
1440 4013 1525 4086 mihi
1553 4013 1620 4085 iter
1645 4011 1764 4105 Belgi·

210 4160 289 4208 cum
317 4138 447 4232 agenti,
477 4146 512 4210 et
538 4137 701 4210 invisenti
729 4138 851 4211 ruinas
876 4138 1116 4212 'I'ermundum
1133 4139 1325 4214 translatas
1349 4141 1521 4237 superbae
1547 4137 1631 4210 olim
1657 4137 1765 4210 abha-

209 4267 282 4340 tiao
306 4266 615 4362 Afflighemiensis,
635 4267 718 4339 dum
735 4265 876 4364 sparsad
901 4267 994 4341 inter
1020 4269 1094 4365 ejus
1119 4269 1342 4342 membranas
1367 4276 1403 4340 et
1428 4266 1585 4364 direptas
1611 4265 1762 4351 tabulas,

212 4395 308 4468 haud
321 4397 396 4467 siue
409 4419 575 4484 moerore,
595 4395 794 4488 rusticarer,
813 4395 994 4492 insperata
1015 4397 1157 4470 fortuna
1173 4397 1252 4491 fuit,
1281 4396 1434 4470 incidere
1455 4396 1491 4467 in
1518 4394 1691 4492 optimum
1709 4417 1766 4467 co-

211 4527 334 4618 dicem,
362 4535 506 4600 sanctae
523 4524 752 4621 Hildegardis
778 4549 865 4598 aevo
892 4525 965 4630 fere
991 4528 1186 4624 aequalem,
1214 4529 1274 4623 qui
1301 4535 1375 4599 tum
1407 4525 1504 4599 Vitae
1528 4525 1659 4612 mutto,
1688 4531 1763 4594 turn

212 4657 350 4730 Cantica
367 4657 460 4729 notis
482 4656 624 4729 musicis
649 4661 776 4727 ornata
802 4656 1014 4729 continebat.
1042 4658 1201 4730 Forento
1226 4658 1377 4730 fratrum
1402 4655 1612 4751 optimorum
1636 4652 1763 4724 huma·

210 4784 332 4876 nitate,
359 4783 471 4857 codex
488 4782 661 4857 Solesmos
677 4806 788 4878 usquo
806 4783 978 4880 exulavit3
996 4785 1140 4880 ejusque
1158 4785 1414 4883 apographum,
1432 4782 1623 4877 diligenter
1643 4780 1767 4852 rescri-

211 4921 311 5010 ptum
329 4921 364 4985 et
376 4912 555 5007 collatum,
574 4920 653 5008 post
671 4935 843 4986 annorum
865 4920 942 4984 octo
961 4912 1083 5007 lustra,
1103 4912 1218 4985 adhuc
1236 4912 1271 4984 in
1290 4910 1427 4984 schedis
1444 4910 1529 4982 meis
1546 4909 1765 5005 sepeliretur,

210 5041 277 5115 nisi
304 5043 468 5114 tenebras
494 5040 645 5137 rupisset
670 5039 863 5112 saecularis
889 5039 1072 5135 festivitas,
1101 5065 1214 5138 nuper
1239 5039 1380 5112 nornine
1405 5037 1517 5110 sancti
1537 5035 1770 5110 Putriarchoe

211 5171 392 5244 Benedicti
421 5171 457 5243 in
482 5173 567 5244 orbs
584 5172 776 5245 monastico
795 5173 984 5245 celebrata.

277 5319 464 5390 Aaronom
490 5318 531 5390 T.
560 5317 700 5390 VIIII
