3998 6100
711 577 828 624 mssa
855 572 954 621 vtato
982 569 1211 622 usntsonuu
1686 557 1708 614 5

250 697 342 759 CVII.
364 699 455 773 Quod
467 699 615 761 homines
630 699 717 758 iram
732 696 851 775 absque
867 695 939 754 odio
1039 691 1129 753 CXV.
1149 693 1240 766 Quod
1264 693 1321 771 qui
1340 692 1491 770 infantes
1515 690 1556 750 dc
1580 708 1613 751 se
1637 695 1732 752 natos

199 808 449 880 perpetrantes,
482 804 671 880 semetipsos
700 803 865 880 puniant,
895 817 938 859 ue
992 797 1277 878 mortificaverint,
1299 796 1470 856 acerrimis
1486 791 1644 869 jejuniis,
1660 810 1733 853 ver

202 904 320 965 debitis
333 908 450 984 poenis
468 903 665 980 subjaceant.
994 899 1121 962 berilus
1145 907 1177 961 et
1194 903 1372 980 asperitate
1396 903 1537 962 vestium
1556 900 1594 961 iu
1618 899 1732 961 solitu·

249 1008 355 1069 CVIII.
390 1009 483 1083 Quod
513 1011 567 1069 ira
601 1010 695 1087 quasi
727 1025 781 1070 eor
813 1003 940 1068 Diaboli
993 1005 1083 1066 dinis
1100 1007 1254 1082 anqustia
1270 1023 1303 1065 se
1320 1005 1483 1084 aslliqant.

202 1117 365 1182 existens,
383 1113 749 1173 coelestiacommooere
762 1110 939 1170 desiderat.
1040 1109 1144 1172 CXVI.
1171 1108 1263 1183 Quod
1285 1111 1343 1187 qui
1367 1111 1512 1188 scipsum
1531 1110 1568 1169 in
1590 1113 1731 1168 mortem

249 1212 372 1274 CVIIII.
403 1214 495 1289 Quod
522 1217 579 1294 qui
603 1233 667 1293 per
692 1217 841 1294 furorem
869 1217 939 1275 irae
990 1217 1207 1294 praecipitat,
1232 1233 1265 1276 se
1286 1219 1391 1276 totum
1414 1217 1485 1276 sinc
1510 1215 1728 1277 consolatione

202 1317 416 1378 homicidium
432 1321 670 1390 commiserint,
695 1319 879 1380 constrictis
887 1314 941 1392 je-
994 1320 1172 1397 coctinpuit.
1313 1319 1314 1322 ’

192 1417 306 1494 juniis
333 1428 366 1482 et
392 1423 531 1502 {lapellis
555 1423 757 1506 poenitendo
786 1441 819 1482 se
844 1421 941 1483 casti·
1040 1422 1160 1486 CXVII.
1179 1421 1271 1496 Quod
1286 1423 1323 1482 in
1330 1417 1490 1496 judiciali
1508 1421 1729 1499 poenitentia,

200 1530 294 1601 pent,
319 1530 421 1586 etiam
449 1547 525 1590 cum
548 1527 696 1590 absentia
719 1529 857 1588 luminis
877 1545 941 1605 per
993 1529 1158 1590 naturalis
1171 1525 1371 1606 possibilitas
1388 1525 1629 1588 consideranda
1644 1532 1703 1586 est.

201 1629 337 1708 aliquod
353 1637 494 1712 tempus.
1040 1634 1176 1696 CXVIII.
1202 1633 1294 1707 Quod
1310 1633 1413 1704 Deus,
1436 1634 1495 1710 qui
1511 1634 1621 1694 munio
1641 1651 1731 1694 crea-

249 1733 312 1796 CX.
331 1736 422 1809 Quod
437 1739 496 1814 qui
507 1757 572 1816 per
587 1736 763 1797 avaritiam-
775 1736 941 1795 hominem
993 1742 1054 1812 vit,
1070 1741 1210 1820 ploriam
1222 1758 1317 1801 suam
1333 1739 1420 1799 solus
1432 1737 1549 1800 habere
1566 1737 1673 1799 noluit
1684 1732 1728 1816 ²),

202 1838 381 1911 occiderit,
409 1838 554 1917 jejuniis
585 1847 617 1902 et
652 1841 791 1922 [lapellis
822 1858 939 1918 corpus
993 1842 1087 1920 cujus
1125 1846 1261 1908 consilio
1299 1843 1414 1905 nullus
1452 1859 1639 1920 repugnare
1670 1857 1730 1918 po-

200 1959 299 2005 suum
322 1946 464 2021 puniat,
492 1947 656 2007 consortia
682 1945 852 2022 hominum
875 1961 939 2021 per
992 1955 1067 2011 test,

200 2043 336 2122 alfwd
351 2052 481 2126 tempsit
497 2049 657 2108 devitant·
1038 2054 1188 2116 CXVIIII.
1208 2053 1299 2127 Quod
1315 2057 1430 2116 conlra
1452 2054 1509 2114 ls-oc
1526 2047 1612 2129 qaod
1634 2049 1728 2110 horno

246 2147 324 2210 CXI·
350 2151 443 2225 de
464 2157 522 2232 qui
544 2156 711 2215 hominem
734 2169 767 2212 ⁸8
789 2151 937 2214 Occidere
987 2177 1125 2239 peccare
1150 2159 1275 2238 potuit,
1304 2155 1411 2220 Filius
1440 2156 1502 2217 Dei
1528 2156 1565 2215 iu
1592 2168 1725 2230 corpore

198 2252 363 2314 ”Vellem
385 2257 633 2334 Ρΐαθυθηὶθηᾶθ
659 2255 830 2328 Occidisti»
851 2249 937 2331 leju-
989 2281 1046 2324 suo
1062 2264 1186 2323 multos
1200 2265 1371 2340 passiones
1388 2262 1570 2330 sustineus,
1589 2262 1727 2337 peccata

198 2359 267 2416 niis
283 2361 453 2438 condipnis
474 2381 549 2424 cum
561 2365 771 2441 poenitentia
786 2381 820 2423 se
840 2361 936 2448 casti
989 2369 1090 2428 etiam
1102 2369 1350 2447 poenitentium
1364 2366 1408 2426 ad
1424 2383 1456 2426 se
1473 2365 1589 2424 lraar't‘.

196 2467 266 2539 902»
280 2465 446 2541 Prioribus
462 2473 575 2528 tameo
588 2466 667 2544 plus
683 2465 857 2527 alleviatio·
1034 2471 1124 2533 CXX.
1145 2472 1236 2546 Quod
1259 2471 1408 2550 quamvis
1423 2465 1636 2529 homicidium
1650 2481 1726 2542 pes-

245 2565 337 2629 CXII·
357 2561 933 2648 Qtwdquihominemiaaoranler¹l
988 2579 1109 2636 simum
1136 2576 1262 2636 malum
1289 2575 1454 2635 malorum
1478 2572 1534 2642 sit,
1562 2566 1724 2630 liotuicida

194 2672 233 2731 in
250 2679 390 2734 mortem
404 2672 699 2750 miserit,jcjuniis
716 2695 750 2737 se
762 2677 936 2754 poeniten
988 2684 1101 2740 tamen
1121 2698 1185 2758 per
1201 2679 1364 2759 transfixa
1385 2675 1527 2738 uulnera
1551 2672 1672 2735 Christi
1687 2672 1725 2731 ia

193 2776 237 2835 do
252 2787 430 2857 enpurpet,
447 2785 595 2859 quamvis
613 2780 799 2842 leuioribus.
983 2786 1195 2863 poenitentia
1209 2784 1406 2862 requiritur.

238 2884 349 2946 CXIII.
383 2886 446 2959 Qui
484 2887 650 2949 hominem
684 2885 841 2966 veneficio
874 2900 934 2944 seu
1033 2880 1156 2972 [CXXI.
1174 2886 1222 2948 De
1243 2903 1352 2965 poena
1366 2885 1499 2962 ineptae
1524 2871 1722 2956 laetitiae.¹)

192 2987 261 3048 alio
277 2989 496 3068 aliquomodo
516 2995 587 3053 sinc
604 2993 778 3053 emissione
803 2990 934 3068 saupui
1032 2991 1153 3053 CXXII.
1183 2991 1231 3052 De
1255 2990 1462 3070 poenitentiis
1492 2989 1625 3064 ineptae
1657 2983 1723 3044 lae-

191 3095 246 3154 nis
261 3099 523 3178 mortificaverit,
541 3098 726 3160 constrictis
737 3091 884 3172 jejuniis
900 3099 932 3155 et
987 3099 1091 3157 litiae.

192 3197 380 3262 verberibus
395 3209 427 3264 et
444 3204 552 3265 cilicio
564 3222 629 3283 per
640 3203 883 3282 poenitentiam
899 3218 932 3260 se
1032 3199 1168 3263 CXXIII.
1197 3197 1298 3260 Verba
1316 3197 1441 3277 psalmi
1457 3195 1497 3255 de
1521 3195 1637 3274 inepta
1656 3192 1723 3252 lae-

193 3304 336 3384 asflipat,
354 3311 517 3369 consortia
538 3324 664 3386 quoque
688 3307 859 3370 nominum
870 3321 934 3384 per
987 3296 1089 3388 titia]

193 3409 331 3489 aliquod
347 3417 477 3491 tempus
492 3415 636 3492 sapiens.
1032 3409 1183 3472 CXXIIII.
1211 3407 1302 3484 Quod
1327 3422 1405 3469 cum
1427 3397 1558 3465 animae
1585 3401 1722 3464 illorum

239 3518 366 3581 CXIIII.
384 3519 477 3593 Quod
491 3521 638 3598 feminae
654 3534 737 3596 quoe
758 3517 933 3591 conceptus
986 3517 1044 3595 qui
1056 3517 1092 3576 ln
1106 3512 1235 3576 saeculo
1243 3511 1486 3592 poenitentiam
1497 3509 1639 3585 faciunt,
1649 3505 1722 3583 plc-

192 3641 270 3685 suos
296 3624 545 3702 dissipaverint,
567 3619 704 3698 jejunia
734 3627 767 3683 ct
797 3618 933 3682 verbera
985 3623 1076 3681 niter
1089 3615 1114 3700 ⁴)
1132 3636 1198 3680 non
1210 3622 1414 3697 purpantur,
1439 3611 1625 3694 corporibus
1641 3627 1722 3673 cuu-

188 3733 402 3810 poenitcatcs
418 3733 595 3811 recipiant.
986 3731 1039 3785 tae
1051 3724 1170 3801 poenis
1182 3721 1319 3801 plenius
1334 3719 1584 3782 examinantur.

585 3987 750 4052 smnus
775 3979 980 4049 creasse
1002 3975 1157 4041 omnes.
1179 3944 1328 4037 pians

222 4219 246 4288 ¹l
261 4222 431 4294 molem
440 4221 475 4280 A.
490 4223 712 4298 -²)]ooluttll.
728 4225 797 4297 -Il
816 4225 929 4286 triscs·
981 4232 1029 4284 tur
1051 4224 1140 4285 luisse
1158 4225 1190 4284 in
1208 4223 1284 4284 libro
1306 4224 1487 4299 interpolati.
1507 4253 1543 4266 -
1564 4220 1587 4292 ⁴)
1598 4219 1719 4297 plenius

187 4308 282 4382 pilula
295 4309 327 4367 ia
344 4311 424 4370 codd.
439 4311 646 4381 desiderantur,
665 4329 739 4386 quac
754 4329 812 4372 non
831 4301 939 4373 viden?
980 4325 1076 4388 apogr.
1090 4311 1126 4380 Α.
1140 4313 1175 4372 ds
1187 4313 1293 4387 quibus
1305 4309 1343 4371 cl.
1357 4329 1385 4386 p.
1403 4312 1436 4368 12
1448 4311 1509 4368 not.
1527 4314 1550 4365 t.
