3998 6100
256 497 342 545 xt'uI
857 507 1105 559 Pnoocurcu
1157 541 1160 548 ‹

203 644 260 707 tus
277 643 329 707 est
347 636 402 708 vir
419 636 551 730 doctus,
573 637 664 711 inter
680 639 877 716 didascalos
893 645 1164 718 universitatum
1183 648 1393 743 gallicarum
1411 651 1504 726 haud
1525 654 1680 748 ultimus,
1698 657 1761 752 qui

203 757 405 856 theologum
438 762 692 860 Hildegardem
725 768 822 841 coelo
851 770 1060 866 attollebat,
1101 773 1369 872 mirabaturque
1404 779 1562 854 nondum
1591 790 1760 880 exceptas

201 885 310 962 luisse
327 911 373 962 cx
398 890 503 962 certis
521 892 674 987 ejusdem
702 896 866 992 operibus
883 897 1054 970 formulas
1070 901 1239 997 egregias,
1262 904 1390 996 quibus
1407 905 1548 1002 singula
1575 907 1655 980 fidei
1673 908 1758 1004 dog·

201 1021 389 1088 metatam
414 1020 596 1115 perspicua
623 1024 912 1120 pronunciantur,
933 1035 972 1099 ut
990 1027 1097 1124 digna
1114 1029 1160 1101 sit
1178 1031 1306 1104 nobilis
1326 1033 1516 1130 abbatissa,
1544 1061 1636 1133 quae
1652 1061 1755 1112 voce-

203 1151 261 1215 tur
280 1143 450 1240 Magistra
468 1149 735 1222 sententiarum.

251 1274 410 1350 (laeteris
425 1278 567 1374 quidem
586 1281 726 1355 uberior
750 1293 801 1358 est
827 1285 870 1358 de
896 1310 933 1358 rc
958 1285 1157 1382 theologica
1184 1288 1272 1362 liber
1297 1291 1437 1380 Salvias,
1466 1295 1501 1366 in
1528 1321 1598 1392 quo
1625 1305 1758 1394 praeei-

197 1429 269 1501 pua
295 1405 374 1480 fidei
399 1408 613 1486 christianae
638 1414 757 1512 capita
775 1439 796 1486 a
814 1415 991 1490 Trinitatc
1017 1427 1052 1488 et
1077 1421 1255 1494 creatione
1281 1423 1325 1495 ad
1354 1426 1611 1502 Antichristum
1635 1439 1669 1504 et
1695 1457 1757 1504 no·

198 1534 343 1608 vissima
360 1544 519 1634 tempora
536 1540 772 1635 declarantur,
801 1567 841 1615 ac
866 1545 893 1618 si
922 1546 1160 1621 celebraretur
1186 1552 1386 1650 triumphos
1412 1556 1591 1631 Ecclesiae
1618 1560 1654 1632 in
1677 1561 1757 1634 dra-

198 1665 327 1738 matico
354 1668 502 1758 cantico,
530 1670 605 1742 sive
626 1671 754 1744 Ordine
769 1675 941 1764 virtutum,
969 1699 1039 1770 quo
1066 1675 1172 1767 liber,
1200 1681 1376 1754 coronidis
1401 1685 1523 1780 instar,
1552 1689 1756 1764 absolvitur.

195 1791 303 1866 Liber
329 1795 535 1870 Divinarum
565 1822 704 1894 operum
732 1800 861 1874 referre
892 1803 1031 1875 videtur
1063 1805 1237 1898 quoddam
1270 1808 1516 1886 Hexnerneron
1550 1839 1628 1888 oum
1657 1819 1754 1916 Apo·

195 1920 330 2018 eclypsi
351 1923 527 2019 junctum.
557 1927 739 2001 «Curiosa
765 1928 877 2001 multa
894 1931 1060 2012 continet,
1081 1933 1131 2004 ait
1150 1933 1355 2010 Dominicus
1378 1939 1504 2028 Mansi,
1531 1952 1571 2016 ut
1588 1945 1631 2018 de
1648 1948 1756 2021 totius

196 2051 319 2123 mundi
339 2061 538 2149 systemate,
567 2055 609 2128 de
634 2056 786 2130 hominis
812 2059 978 2132 exteriori
1005 2071 1039 2131 et
1065 2060 1223 2133 interiori
1250 2064 1397 2161 physica
1422 2070 1682 2163 constitutione,
1714 2075 1757 2147 de

197 2181 289 2252 aeris
307 2182 624 2277 vicissitudinibus,
652 2184 695 2258 de
720 2186 852 2260 morbis
868 2185 1060 2280 hominum,
1088 2200 1123 2262 et
1149 2191 1228 2264 aliis
1245 2191 1350 2290 hujus
1368 2197 1503 2292 saporis
1521 2198 1666 2292 (Potrol.
1689 2205 1755 2276 col.

201 2313 323 2402 144).»
344 2310 580 2386 Intermedius
596 2313 701 2386 maer
723 2314 819 2388 Vitae
834 2319 1031 2388 meritorum
1056 2343 1193 2392 omnem
1218 2322 1314 2395 vitae
1339 2323 1554 2400 christianae
1581 2331 1753 2405 rationem

196 2434 363 2530 explicat,
385 2436 502 2509 varias
519 2437 701 2511 hominum
722 2439 850 2512 classes
876 2443 1163 2538 conditionesque
1189 2447 1341 2537 instruit,
1371 2474 1411 2522 ac
1437 2451 1586 2548 singulis
1612 2457 1752 2530 virtuti·

198 2566 263 2639 bus
280 2566 368 2640 vitia
385 2568 525 2664 singula
544 2578 614 2642 tam
635 2579 718 2666 apte
736 2580 770 2644 et
787 2572 956 2670 graphice
977 2575 1165 2670 componit,
1194 2578 1419 2674 opponitque,
1446 2591 1483 2653 ut
1504 2584 1565 2655 vix
1592 2585 1663 2658 alia
1689 2588 1756 2661 tibi

197 2699 389 2774 occurrerit
406 2699 568 2772 doctrina
587 2725 721 2774 morum
740 2701 877 2798 plenior
894 2711 929 2774 et
948 2705 1192 2798 praestantior.

247 2829 354 2903 Unde
379 2831 408 2903 si
434 2830 513 2926 quis
538 2831 768 2930 Hildegardis
787 2832 973 2928 trilogiam,
993 2842 1032 2904 ut
1050 2833 1135 2923 dixi,
1157 2835 1254 2907 brevi
1274 2839 1378 2913 verbo
1399 2841 1476 2914 vult
1504 2845 1750 2944 perstringere,

194 2963 246 3036 illi
275 2964 409 3061 primus
435 2963 524 3036 liber
550 2963 770 3061 dogmaticus
803 2963 885 3052 erit,
918 2963 1091 3036 secundus
1117 2964 1272 3054 moralis,
1306 2967 1433 3040 tertius
1465 2968 1647 3067 physicus,
1682 2975 1751 3069 pri-

195 3118 274 3168 mus
304 3092 557 3188 theologorum,
585 3093 675 3165 alter
701 3092 912 3185 ethicorum,
941 3087 1066 3164 tertius
1093 3091 1379 3190 philosophorum
1411 3119 1472 3192 per
1498 3121 1553 3170 mo
1578 3098 1661 3172 licet
1691 3102 1749 3174 de·

198 3222 364 3296 claretur.

247 3349 285 3424 Si
303 3373 387 3422 vero
414 3349 530 3422 minus
555 3349 755 3424 consideras
780 3349 948 3422 librorum
976 3355 1183 3446 argumenta
1209 3373 1315 3445 quam
1334 3350 1507 3424 scribendi
1527 3351 1696 3425 rationem
1716 3363 1752 3426 et

197 3478 349 3568 modum,
378 3477 485 3551 nolim
512 3487 546 3550 te
575 3478 694 3552 statim
721 3477 764 3552 de
781 3479 901 3573 aliqua
919 3479 1132 3551 obscuritate
1152 3477 1378 3549 stomachari.
1399 3477 1557 3550 Primum
1575 3481 1750 3552 monearis

195 3617 343 3708 oportet,
364 3612 632 3707 ambiguitatem
657 3634 728 3684 non
745 3609 852 3684 semel
870 3609 953 3682 oriri
981 3610 1025 3681 ab
1051 3609 1189 3680 incuria
1215 3611 1481 3684 amanuensium
1501 3620 1563 3684 aut
1587 3614 1750 3708 typothe-

192 3753 311 3814 tarum
338 3741 526 3839 protervia,
555 3739 682 3814 menda
706 3738 842 3812 mendis
867 3737 1028 3811 certatim
1055 3737 1271 3812 addentium.
1300 3740 1436 3812 Deinde
1462 3741 1658 3814 obscuritas
1676 3766 1747 3814 non

194 3880 296 3944 tanta
322 3871 506 3943 scribentis
532 3878 598 3960 est,
627 3877 763 3966 quanta
789 3870 947 3966 legentis,
972 3871 1028 3941 cui
1052 3870 1171 3965 ignota
1190 3881 1282 3960 sunt,
1304 3871 1338 3942 in
1357 3870 1425 3944 hac
1444 3880 1577 3944 remota
1594 3880 1750 3946 vetusta·

192 4018 239 4096 te,
269 4006 421 4104 plurima
440 4005 634 4102 regionum,
654 4006 820 4097 virorum,
840 4005 1058 4101 negotiorum
1076 4005 1289 4094 discrimina,
1310 4008 1438 4103 quibus
1454 4009 1506 4081 uti
1524 4009 1638 4081 obviis
1659 4006 1749 4080 allu-

191 4143 288 4216 ditur
305 4164 375 4214 uuo
392 4140 510 4230 verbo,
530 4139 585 4211 vel
603 4139 702 4212 brevi
719 4139 889 4236 symbolo,
909 4146 992 4210 tunc
1006 4138 1110 4210 facile
1128 4139 1322 4234 perspicue,
1338 4139 1431 4212 unde
1445 4138 1577 4212 multae
1596 4139 1749 4236 paginae

190 4271 357 4366 caligant,
373 4266 526 4340 tenebris
539 4266 674 4339 obsitae
687 4264 885 4338 cimmeriis.
897 4265 1056 4362 Denique
1070 4290 1147 4338 enm
1163 4267 1264 4360 gravi
1278 4265 1473 4338 Trithemio
1488 4265 1603 4338 dicere
1616 4264 1670 4338 las
1684 4273 1746 4336 est:

193 4431 207 4466 ι
229 4399 276 4472 Et
294 4420 416 4470 revera
442 4396 477 4467 in
494 4403 667 4491 quantum
687 4417 748 4467 nos
761 4393 921 4491 judicare
947 4418 1139 4491 possumus,
1168 4395 1242 4491 ejus
1259 4394 1391 4490 scripta
1407 4417 1477 4468 non
1495 4393 1649 4466 humano
1671 4415 1749 4464 sen·

190 4558 232 4606 su
250 4529 304 4604 vel
323 4525 502 4602 intellectu
521 4534 603 4598 sunt
621 4525 727 4612 edita,
745 4524 805 4598 sed
821 4523 941 4597 divino
959 4523 1075 4620 potius
1092 4523 1218 4619 spiritu
1245 4522 1455 4596 mirabiliter
1473 4520 1599 4615 inlusa,
1617 4526 1651 4591 et
1668 4518 1747 4592 ideo

191 4683 261 4732 non
281 4656 410 4754 passim
438 4653 684 4749 intelliguntur
713 4652 758 4725 ab
789 4651 960 4742 omnibus,
986 4651 1046 4722 sed
1074 4651 1119 4722 ab
1146 4651 1216 4722 illis
1242 4651 1429 4723 dumtaxat
1454 4655 1644 4743 utcumque
1670 4670 1749 4744 pos-

191 4797 274 4861 sunt
300 4785 468 4880 intelligi,
502 4807 652 4879 quorum
681 4807 772 4880 pura
805 4805 902 4854 mens
933 4779 1007 4853 Deo
1042 4803 1104 4876 per
1138 4802 1292 4850 amorem
1329 4776 1455 4849 meruit
1489 4776 1583 4848 uniri
1609 4776 1749 4868 (Chron.

146 4959 150 4966 ·
193 4916 409 5006 Hirro-tepla

241 5042 295 5113 nd
316 5065 356 5112 ea
373 5063 464 5135 qnae
481 5064 575 5112 nunc
601 5039 734 5112 odimus
760 5039 853 5135 quod
874 5047 1020 5136 spectat,
1050 5061 1163 5134 pauca
1185 5037 1217 5138 si
1236 5035 1471 5132 excipiantur,
1500 5031 1618 5104 omnia
1636 5029 1745 5126 plana

190 5187 224 5244 et
243 5170 422 5242 luculenta
449 5178 546 5258 sunt,
580 5193 693 5264 neque
713 5168 883 5240 nonnulla
911 5167 1100 5240 identidem
1120 5168 1339 5239 ‹lesideratur
1358 5164 1546 5258 elegantia:
1575 5163 1627 5234 Ea
1647 5183 1746 5232 nam-
