3998 6100
863 525 1112 574 PROOEMIUM
1676 523 1715 572 Ill

208 653 485 752 Reigrndensem
504 655 823 752 bibliothecarium,
844 659 907 754 qui
933 683 996 756 per
1016 659 1192 754 integrum
1219 682 1363 750 annum,
1392 658 1542 754 negotiis
1568 658 1650 731 licet
1667 657 1765 731 labo-

209 787 376 882 ribusque
403 785 559 876 obrutus,
588 809 665 858 mea
691 787 743 860 uti
769 811 834 859 sua
859 789 1009 879 curavit,
1037 788 1084 860 ad
1109 787 1229 860 omnia
1253 810 1390 884 semper
1415 785 1546 875 lucilia,
1573 784 1700 858 obvius
1731 791 1767 855 et

210 942 390 990 amoenus.

258 1045 383 1139 Neque
400 1046 506 1118 etiam
524 1047 694 1142 impedior
706 1047 814 1121 altius
827 1046 1013 1150 suspicere,
1029 1071 1139 1143 usque
1153 1048 1197 1120 ad
1212 1070 1366 1120 summos
1384 1047 1478 1120 viros
1491 1045 1642 1144 publicis
1659 1045 1764 1119 rebus

208 1173 378 1264 aildictos,
405 1175 477 1270 qui,
504 1199 612 1270 quum
639 1184 691 1248 tot
716 1175 930 1248 sustinerent
955 1182 990 1249 et
1014 1184 1116 1248 tanta
1141 1176 1293 1272 negotia,
1320 1177 1462 1250 fastidio
1488 1201 1557 1250 non
1583 1176 1763 1250 duxerunt

207 1302 427 1398 importunas
452 1304 575 1378 andire
602 1329 735 1401 preces,
769 1305 807 1378 in
832 1304 917 1377 aula
941 1329 1069 1402 nempe
1101 1305 1273 1378 Caesarea
1300 1306 1343 1378 cl.
1363 1305 1488 1380 Cumas
1514 1306 1559 1378 A.
1586 1303 1758 1378 Wollren·

208 1429 311 1518 stein,
339 1432 464 1504 Comes
481 1434 526 1505 A.
552 1431 597 1505 de
621 1432 726 1529 Croy,
753 1432 903 1528 gallicus
923 1432 1017 1529 apud
1035 1432 1156 1505 Danos
1176 1433 1321 1528 legatus,
1349 1441 1457 1529 atque
1474 1433 1511 1506 in
1536 1433 1659 1531 primis
1675 1433 1765 1506 San·

210 1566 289 1629 ctae
307 1557 407 1630 Sedis
424 1557 644 1633 Pronunoius
657 1560 703 1632 ad
716 1560 947 1656 apostolicum
962 1561 1225 1657 Imperatorem,
1242 1560 1549 1632 Eminentissimus
1566 1558 1767 1633 Ludovicus

208 1681 426 1778 Jacobinius,
453 1684 552 1780 cujus
577 1684 633 1757 vel
651 1683 747 1759 nudo
771 1687 912 1760 nomine
937 1685 1086 1760 deliciae
1111 1685 1354 1760 universorum
1380 1693 1603 1760 revocantur.

261 1809 354 1898 Quid
381 1835 464 1885 vero
493 1812 719 1887 emolumenti
748 1813 963 1910 sperandum
987 1815 1034 1888 sit
1059 1839 1105 1888 ex
1130 1815 1197 1889 hoc
1226 1823 1337 1908 tomo,
1370 1839 1483 1912 neque
1513 1814 1620 1908 mole,
1652 1837 1767 1910 neque

213 1962 333 2034 opera,
361 1963 475 2036 neque
499 1948 552 2012 tot
576 1939 758 2014 hominum
774 1929 948 2014 'subsidiis
973 1942 1114 2038 exiguo,
1132 1943 1255 2040 paucis
1271 1942 1388 2015 dicere
1412 1942 1552 2016 animus
1576 1949 1638 2032 est,
1665 1965 1768 2014 exor-

209 2065 269 2139 dio
294 2066 340 2139 ab
357 2068 515 2164 epistolis
538 2078 689 2166 sumpto,
713 2070 793 2143 inde
815 2080 855 2144 ut
873 2071 919 2144 ad
945 2071 1113 2146 librorum
1132 2080 1167 2144 et
1184 2072 1432 2168 opusculorum
1458 2071 1621 2166 indolem,
1649 2077 1769 2143 aucto·

211 2196 352 2270 ritatem
379 2206 415 2270 et
439 2199 593 2272 fructum
619 2209 848 2274 transeamus.

963 2458 1012 2530 ll.

261 2733 498 2830 Epistularum
516 2744 660 2810 sanctae
677 2736 905 2833 Hildegardis
930 2736 1066 2833 primns
1091 2733 1276 2808 thesaurus
1302 2735 1369 2809 luit
1387 2744 1501 2810 tomus
1523 2737 1568 2809 ab
1594 2735 1671 2834 ipsa
1695 2759 1766 2809 me-

211 2873 369 2937 moratus
386 2863 422 2936 in
440 2864 585 2937 exordio
602 2863 684 2937 libri
707 2863 803 2938 Vitae
818 2866 1024 2958 meritorum,
1042 2865 1117 2938 sive
1145 2893 1160 2930 ι
1183 2887 1348 2960 responsa
1366 2871 1400 2936 et
1417 2863 1673 2938 admonitiones
1695 2872 1767 2937 tam

216 2989 390 3062 minorum
420 3013 525 3085 quam
545 2989 716 3086 majorum
744 2989 976 3085 plurimarum
1001 3013 1242 3087 personarum,
1267 3021 1281 3056 a
1310 2989 1402 3061 idem
1420 2988 1567 3064 fortasse
1588 3013 1630 3062 ae
1658 3013 1770 3062 ‹ma-

213 3138 324 3211 gnum
353 3114 529 3208 volumen,
556 3147 569 3178 a
597 3115 692 3211 quod
709 3114 926 3188 Trithemius
952 3115 1041 3188 vidit
1059 3138 1101 3186 ao
1118 3114 1232 3188 tenuit
1255 3115 1289 3186 in
1316 3114 1528 3188 monasterio
1554 3113 1588 3188 S.
1607 3115 1768 3211 Ruperti,

192 3309 193 3312 ,
223 3277 238 3312 a
262 3247 444 3320 continens
469 3244 635 3342 epistolas
661 3244 790 3318 multas
816 3245 860 3318 ad
886 3244 1052 3338 diversos,
1080 3267 1224 3317 numero
1249 3252 1379 3317 centum
1404 3245 1543 3335 irminae
1574 3245 1727 3337 quiaque.
1758 3273 1771 3305 ·

218 3373 324 3446 Unde
341 3371 501 3447 intulisse
518 3371 628 3464 licuit,
649 3371 761 3445 editas
786 3371 918 3445 dudum
935 3370 1042 3444 fuisse
1067 3393 1187 3445 omnes
1207 3367 1435 3464 Hildegardis
1460 3368 1636 3466 epistolas,
1663 3391 1772 3464 quum

219 3499 388 3573 Coloniae
403 3507 479 3572 tum
497 3498 649 3596 primum
677 3499 873 3596 prodierint
890 3524 936 3572 ex
951 3501 1129 3592 archetypo
1141 3499 1177 3570 S.
1195 3498 1332 3570 liuberti
1358 3493 1496 3568 litterae
1522 3501 1592 3568 tres
1609 3501 1644 3568 et
1670 3493 1772 3590 quin-

219 3630 402 3722 quaginta,
420 3625 548 3722 quibus
565 3623 747 3722 octoginta
764 3634 799 3699 et
816 3633 887 3700 tros
912 3649 991 3700 cum
1009 3623 1184 3698 addiderit
1201 3621 1406 3712 Martenius,
1424 3621 1514 3696 nihil
1532 3621 1684 3719 amplius
1697 3623 1772 3719 jam

220 3753 481 3851 expectandum
500 3760 588 3828 erat.
773 3831 776 3836 ,

268 3887 336 3960 Sed
355 3894 492 3983 praeter
509 3909 617 3960 unam
633 3894 669 3962 et
690 3885 838 3960 alteram
857 3884 1041 3983 epletolam
1067 3885 1198 3959 relatas
1215 3886 1252 3958 in
1273 3885 1359 3976 vita,
1386 3892 1528 3959 auctore
1553 3884 1771 3958 Theoderico

219 4019 311 4110 (edd.
332 4017 413 4110 LX,
439 4015 563 4110 LXI),
590 4021 731 4112 praeter
748 4013 837 4086 alias
854 4021 925 4088 tros
941 4013 1036 4111 apud
1056 4012 1419 4087 Prasmonstratenses
1444 4011 1638 4084 Parcenses
1655 4011 1770 4085 Lava-

220 4144 272 4218 nii
298 4144 471 4238 inventas,
504 4165 593 4240 quas
625 4140 867 4216 Bollandistae
897 4141 999 4215 Actis
1031 4141 1103 4215 suis
1134 4141 1357 4216 inseruerunt
1390 4142 1481 4233 (edd.
1514 4140 1618 4234 LVI,
1644 4139 1771 4230 LVII,

221 4275 387 4368 LVIII),
404 4280 593 4371 supersunt
609 4287 762 4370 quatuor
778 4275 902 4349 saltem
920 4273 1090 4360 auctoris,
1109 4297 1200 4370 quae
1216 4273 1371 4346 nondum
1387 4271 1657 4346 exhauriuntur.

270 4401 453 4475 Novarum
470 4401 696 4499 epistolarum
716 4402 830 4499 prima
846 4401 962 4491 series,
981 4400 1065 4475 olim
1082 4399 1187 4474 facile
1211 4400 1361 4489 uberior,
1389 4400 1481 4473 inter
1505 4400 1641 4474 codices
1666 4400 1773 4474 Gem-
1836 4405 1841 4416 '

166 4575 173 4588 ·
223 4531 414 4622 blesenses,
447 4555 494 4603 ex
526 4530 635 4603 variis
668 4529 839 4604 incendiis
872 4537 1018 4627 ereptos,
1052 4529 1221 4626 sepelitur
1254 4529 1290 4600 in
1324 4527 1503 4624 farragine
1528 4527 1774 4624 opusculorum

223 4658 390 4734 Guibcrti
414 4657 576 4732 abbatis:
613 4657 744 4754 exigua
769 4657 911 4753 quidem
936 4656 1120 4755 supellex,
1156 4655 1216 4729 sed
1242 4679 1334 4751 quae
1359 4656 1433 4728 sola
1454 4655 1606 4752 pertinet
1631 4656 1676 4729 ad
1695 4657 1776 4730 ulti-

222 4813 296 4863 mos
312 4788 542 4885 Hildegardis
567 4813 690 4881 annos,
709 4796 744 4862 et
759 4813 851 4886 quae
874 4789 971 4863 haud
997 4789 1209 4888 poenitenda
1236 4789 1483 4863 Bollandianis
1514 4788 1775 4862 commentariis

220 4919 380 4994 subsidia
405 4919 634 5015 praebuisset.
662 4919 856 4993 Goibertus
881 4920 967 5017 ipse,
993 4921 1054 5016 qui
1081 4920 1164 4993 dum
1190 4919 1341 5016 Bingiae
1365 4927 1534 5007 maneret,
1562 4917 1776 4992 tabularium

223 5059 390 5125 excutere
416 5051 540 5147 potnit,
559 5051 773 5146 significavit
795 5050 1006 5148 peculiarem
1024 5050 1091 5123 sibi
1116 5049 1322 5123 fasciculum
1349 5047 1582 5121 reservavisse
1605 5047 1716 5137 (iufra
1734 5073 1774 5150 p.

223 5185 320 5278 399).
348 5181 447 5256 Haec
472 5207 537 5278 ego
562 5183 788 5257 miscellanea
814 5181 919 5254 semol
946 5189 980 5253 et
1006 5181 1142 5275 iterum,
1170 5179 1207 5252 in
1227 5179 1374 5275 repetito
1401 5178 1525 5250 itinere
1543 5176 1690 5272 belgico,
1718 5179 1778 5250 sad
