3992 6092
270 503 314 568 da
845 523 872 571 s.
897 523 1178 572 niuhseinais

237 626 413 688 animabus
429 625 612 704 purgandis
628 632 661 687 et
678 625 848 689 salvandis
864 627 953 688 dicta
970 631 1058 704 sunt,
1078 634 1111 688 et
1128 629 1238 689 tidelia
1255 633 1348 704 sunt;
1367 635 1401 690 et
1419 625 1526 690 tidelis
1548 629 1601 691 his
1622 626 1786 706 attendat,

235 737 271 792 et
286 746 326 791 ea
343 732 377 791 in
393 733 555 794 memoria
572 732 679 792 bonae
695 731 854 792 scientiae
872 738 1059 808 componat.

282 834 334 896 tl.
359 834 483 896 Deinde
499 835 651 912 ejusdem
668 835 893 897 multitudinis
909 837 994 897 alios
1011 838 1153 914 spiritus
1171 836 1251 914 vidi,
1270 854 1356 915 quos
1372 838 1473 898 etiam
1492 839 1542 898 sic
1557 837 1785 900 vociferantes

234 939 357 1000 audivi:
378 959 394 999 a
414 938 497 1012 Quid
513 945 567 999 est
583 939 647 1000 hoc
664 939 753 1016 quod
769 939 827 1000 ille
843 941 901 1017 qui
916 939 1040 1002 dicitur
1056 939 1161 1016 Deus,
1181 941 1278 1003 tacit‘l
1294 940 1334 1002 Et
1350 940 1431 1017 quid
1448 941 1489 1001 ad
1510 943 1585 1002 'rem
1609 940 1698 1017 quod
1723 940 1785 1000 Lu-

238 1044 358 1104 ›ciier
382 1043 542 1106 honorem
567 1043 790 1104 desideravit?
808 1062 825 1102 a
843 1041 883 1105 Et
898 1043 952 1104 his
969 1044 1161 1105 hominibus
1177 1045 1396 1106 acerbitatem
1421 1045 1603 1123 incutiunt,
1628 1051 1663 1106 et
1685 1051 1723 1106 ut
1747 1061 1786 1104 se

236 1165 370 1212 amaros
386 1149 427 1210 ad
444 1154 623 1228 praecepta
640 1149 700 1209 Dei
716 1153 749 1208 et
766 1148 807 1208 ad
825 1148 976 1210 homines
993 1149 1182 1225 ostendant,
1200 1150 1415 1226 persuadent.

974 1375 1052 1438 bxi.
1127 1363 1130 1370 ¹

549 1571 596 1632 De
618 1573 734 1647 poenis
759 1589 874 1630 eorum
898 1573 956 1648 qui
979 1573 1016 1630 ia
1039 1569 1216 1632 acerbitate
1237 1577 1472 1650 peccaverant.

284 1777 336 1840 72.
353 1779 392 1840 Et
408 1777 591 1838 maximum
608 1778 718 1854 ignem
735 1776 822 1854 nigri
839 1781 873 1837 et
890 1777 1066 1838 rubicundi
1086 1794 1125 1838 ac
1141 1779 1209 1840 albi
1226 1780 1350 1840 coloris
1366 1779 1448 1854 vidi,
1466 1780 1499 1840 in
1516 1795 1584 1856 quo
1599 1780 1698 1840 multi
1710 1779 1788 1840 hor·

239 1885 325 1947 roris
342 1884 459 1960 igneae
475 1883 613 1958 viperae
628 1880 774 1958 luerunt,
788 1898 875 1959 quae
887 1883 1069 1959 plurimum
1083 1883 1192 1960 ignem
1205 1899 1245 1944 ex
1259 1900 1316 1944 ore
1330 1901 1390 1945 suo
1403 1883 1596 1945 emiserunt.
1605 1883 1645 1944 Et
1657 1885 1788 1944 animae

240 2003 338 2068 quae,
353 1987 433 2049 dum
445 1987 479 2049 in
492 1986 689 2064 corporibus
702 1987 776 2047 suis
786 1985 941 2064 fuissent,
955 1988 1039 2048 vitio
1056 1987 1252 2049 acerbitatis
1269 1989 1465 2064 servierant,
1483 1988 1517 2048 in
1532 1987 1610 2064 igne
1624 1988 1693 2048 isto
1709 2001 1786 2048 ure-

238 2095 371 2166 bantur,
397 2097 432 2152 et
455 2090 498 2152 ab
514 2090 641 2152 eisdem
657 2089 784 2166 viperis
801 2091 1053 2168 torquebantur.
1071 2090 1213 2168 Propter
1228 2092 1458 2153 infidelitatem
1475 2093 1563 2152 enim
1580 2107 1681 2167 quam
1699 2092 1732 2152 in
1748 2105 1786 2150 se

237 2195 495 2271 absconderant,
512 2195 681 2256 flammam
697 2193 826 2272 nigram
844 2195 1066 2269 sustinebant3
1084 2198 1119 2256 et
1134 2201 1271 2272 propter
1286 2196 1504 2256 acerbitatem
1523 2210 1609 2271 quae
1626 2196 1661 2256 in
1677 2193 1786 2254 cordi·

236 2301 300 2364 bus
318 2301 389 2361 suis
406 2305 490 2376 erat,
508 2299 678 2361 llammam
693 2299 912 2360 rubicundam
929 2314 1051 2376 passae
1068 2304 1157 2373 sunt3
1175 2307 1209 2361 et
1225 2306 1363 2377 propter
1378 2300 1491 2360 dolam
1508 2305 1542 2358 et
1558 2299 1676 2374 risum,
1694 2297 1783 2375 quod

239 2408 273 2467 in
296 2406 349 2466 his
374 2403 571 2479 habuerant,
597 2402 730 2464 llamma
754 2403 832 2464 alba
855 2403 1089 2481 puniebantur.
1114 2402 1234 2464 Sedet
1255 2405 1334 2481 quia
1351 2405 1384 2464 in
1399 2402 1513 2465 verbis
1529 2408 1565 2464 at
1580 2401 1786 2478 inoperibus

237 2512 307 2572 suis
330 2509 604 2569 contrarietatem
628 2506 863 2568 amaritudinis
888 2510 1004 2569 contra
1026 2507 1177 2569 divinant
1197 2487 1384 2585 jussionem
1409 2511 1444 2568 et
1466 2511 1584 2567 contra
1605 2506 1785 2566 humanam

235 2614 446 2676 allectionem
471 2616 661 2685 erexerant,
687 2628 707 2671 a
723 2612 850 2686 viperis
869 2611 937 2672 illis
954 2611 1201 2689 affligebantur.
1218 2612 1258 2672 Et
1274 2611 1344 2673 vidi
1361 2613 1396 2672 et
1412 2610 1562 2672 intellexi
1578 2609 1670 2670 haec.
1688 2608 1728 2670 Et
1743 2607 1787 2668 de

237 2718 392 2796 praefata
413 2717 549 2776 vivente
574 2716 648 2775 luce
671 2731 788 2775 vocem
806 2716 928 2776 iterum
945 2715 1028 2776 mibi
1044 2716 1212 2778 dicentem
1230 2715 1354 2778 audivi:
1371 2714 1461 2776 Haec
1478 2729 1564 2791 quae
1580 2712 1687 2787 vides,
1705 2725 1788 2772 vera

242 2825 329 2882 sunt.
346 2818 371 2902 ι)

967 3029 1060 3093 axii.

762 3239 808 3302 De
830 3243 1040 3319 poenitentia
1062 3241 1265 3302 eorumdem.

290 3444 342 3510 ⁷3.
367 3448 576 3525 Quapropter
599 3446 749 3510 homines
773 3451 830 3527 qui
854 3467 914 3526 per
938 3451 1156 3512 acerbitatem
1179 3449 1246 3512 Deo
1270 3456 1305 3512 et
1329 3447 1519 3512 hominibus
1543 3447 1789 3526 repugnanter

243 3551 500 3614 adversantibus
513 3558 547 3613 et
558 3553 807 3630 praedictorum
821 3555 1000 3631 spirituum
1014 3560 1048 3614 et
1060 3554 1310 3631 praedictarum
1321 3569 1504 3633 poenarum
1517 3537 1661 3614 subesse
1676 3550 1792 3611 nolue-

246 3661 332 3730 rant,
346 3654 484 3732 jejuniis
501 3672 540 3715 ac
556 3656 765 3717 orationibus
782 3657 965 3718 secundum
981 3656 1180 3732 qualitatem
1196 3671 1355 3717 excessus
1371 3657 1435 3731 sui,
1453 3661 1488 3716 et
1500 3653 1682 3716 secundum
1695 3665 1793 3728 prae-

246 3765 379 3835 ceptum
401 3758 526 3834 iudicis
547 3775 584 3821 se
604 3759 834 3836 dijudicantis,
850 3757 876 3840 ²)
894 3760 1096 3836 inserviant,
1122 3761 1280 3837 quoniam
1302 3760 1336 3821 iu
1351 3776 1472 3837 magna
1487 3758 1670 3820 acerbitate
1685 3755 1792 3816 Deum

245 3867 529 3940 contempserunt.

964 4070 1072 4134 lxm,

808 4277 856 4343 De
880 4281 1066 4344 acerbitatis
1087 4289 1232 4361 peccato.

293 4487 345 4552 74.
370 4490 546 4552 Acerbitas
569 4488 658 4551 enim
682 4489 786 4551 Deum
811 4491 931 4568 renuit,
949 4492 1109 4569 pietatem
1125 4492 1199 4570 ejus
1216 4509 1282 4554 non
1297 4490 1419 4569 diligit,
1437 4490 1703 4552 misericordiam
1719 4486 1795 4565 ejus

247 4609 313 4658 non
329 4597 473 4675 quaerit,
489 4595 616 4672 iudicia
631 4595 705 4672 eius
721 4612 787 4656 non
802 4602 904 4672 amat3
922 4596 980 4658 sed
996 4597 1096 4658 malis
1111 4597 1226 4658 verbis
1242 4603 1360 4659 contra
1377 4596 1435 4657 illa
1451 4595 1592 4670 frendet,
1609 4600 1644 4655 et
1667 4593 1796 4655 securi·

248 4703 350 4762 tatem
377 4700 411 4760 in
434 4699 589 4760 omnibus
614 4699 679 4760 sibi
703 4699 808 4776 eligit3
833 4715 894 4760 nec
917 4715 978 4778 per
1001 4702 1168 4778 timorem,
1199 4717 1260 4762 nec
1282 4716 1343 4776 per
1366 4717 1514 4762 amorem
1538 4699 1598 4760 Dei
1620 4698 1797 4777 praevidet

247 4803 327 4881 quid
352 4802 482 4864 iactura
500 4804 553 4862 sit.
572 4803 654 4863 Nam
679 4803 768 4880 quod
792 4804 864 4865 vult
882 4803 972 4880 iacit,
991 4805 1080 4882 quod
1097 4807 1292 4866 autemnon
1307 4805 1392 4879 vult,
1413 4805 1446 4864 in
1463 4803 1592 4865 malitia
1608 4818 1670 4864 sua
1682 4818 1797 4863 corro-

247 4907 308 4983 dit,
333 4909 491 4984 quoniam
515 4907 658 4968 acerbus
682 4910 716 4968 et
740 4925 875 4970 amarus
899 4909 997 4970 homo
1022 4909 1223 4986 sapientiem
1249 4909 1344 4986 tagit,
1363 4908 1604 4971 beatitudinem
1622 4907 1795 4998 relinquit,

287 5102 308 5170 Ι)
327 5099 482 5160 Addiderat
500 5098 534 5159 A:
556 5109 581 5159 ct
599 5108 629 5160 ut
647 5121 680 5160 aa
697 5105 784 5168 cicer,
803 5109 843 5161 ita
856 5108 934 5168 ‚aava
952 5097 1001 5161 sed
1080 5103 1103 5174 ²)
1116 5107 1272 5162 dimicantis
1283 5099 1318 5159 A.

251 5205 324 5263 qnae
336 5193 432 5262 postea
446 5196 586 5264 expuncta
600 5195 679 5255 sunt.
694 5206 744 5247 nee
759 5191 892 5262 leguntur
908 5189 938 5248 in
952 5190 998 5246 W,
1442 5207 1444 5212 ’
