3998 6100
717 559 838 608 tinen
868 561 969 608 virm
998 559 1236 608 xenrronuu
1673 547 1712 610 ll

187 669 258 741 Deo
275 678 436 754 existens,
455 679 566 740 omnia
584 681 616 739 in
633 677 700 740 Deo
715 681 805 756 juste
822 679 993 755 diiudicat.
1012 679 1087 755 lpse
1104 680 1192 737 enim
1210 677 1377 738 bominem
1395 679 1428 738 in
1441 679 1595 739 omnibus
1610 681 1747 756 judiciis

188 784 265 844 suis
280 784 484 858 considerat,
502 790 535 844 et
559 783 818 860 diligentissime
834 801 911 844 eum
935 785 1112 843 examinat.
1131 782 1307 842 Sodomam
1331 799 1475 860 namque
1492 791 1526 843 et
1550 787 1748 848 Gomorram

190 887 224 945 in
242 887 380 947 sullletu
396 889 488 948 venti
505 887 647 947 sulfurei
665 889 752 964 ignis
770 889 960 962 sulloeavit,
979 889 1037 963 qui
1055 887 1087 946 ln
1105 887 1228 961 ignotis
1245 888 1392 962 peccatis
1409 895 1643 964 peceaverunt,
1663 905 1750 967 quae

187 992 232 1052 de
249 998 385 1070 gutture
401 993 533 1054 Diaboli
549 999 583 1053 et
599 995 736 1070 vipereo
752 1008 846 1054 more
863 993 1063 1066 didicerunt;
1079 992 1165 1050 unde
1183 992 1285 1051 etiam
1304 998 1382 1050 tunc
1398 999 1518 1052 natura
1531 993 1677 1054 hominis
1693 996 1749 1056 de-

191 1097 376 1158 ridebatur.
394 1097 456 1158 Sed
473 1103 506 1157 et
531 1097 680 1158 inllatum
699 1098 896 1158 muliebrem
914 1111 1050 1157 sensum
1067 1102 1203 1173 propter
1221 1096 1478 1156 inobedientiam
1496 1115 1591 1158 suem
1608 1100 1641 1158 in
1658 1100 1749 1160 aliud

189 1211 299 1278 genus
310 1203 488 1276 convertit,
503 1208 670 1280 quatenus
683 1203 717 1262 in
730 1203 794 1263 boc
809 1202 896 1262 iacto
912 1217 1027 1262 omnes
1041 1206 1256 1277 peccatorum
1274 1216 1373 1260 casus
1391 1203 1514 1262 acriter
1531 1204 1613 1262 salsi
1631 1205 1698 1264 sint
1709 1199 1745 1284 ¹).

191 1307 418 1369 Israelitieum
434 1324 567 1384 quoque
584 1308 745 1384 populum
761 1307 940 1384 percussit,
959 1321 1035 1365 oum
1058 1305 1162 1364 Deum
1186 1305 1447 1382 dereliquerunt,
1465 1312 1500 1365 et
1522 1307 1602 1366 Baal
1626 1308 1744 1368 adora-

191 1417 326 1488 verunt,
351 1412 410 1472 ubi
434 1413 467 1471 in
490 1411 736 1487 dispersionem
760 1411 841 1486 dati,
869 1411 900 1469 in
926 1410 1064 1469 servitio
1082 1409 1217 1485 gentilis
1240 1410 1366 1485 populi,
1393 1412 1526 1470 exsules
1551 1411 1629 1472 faeti
1656 1419 1745 1483 sunt,

190 1518 352 1594 quoniam
369 1523 495 1577 rectam
520 1516 762 1576 haereditatem
780 1529 876 1574 suam
899 1519 1181 1589 contempserunt.
1200 1515 1282 1573 Nam
1308 1515 1379 1590 ipse
1396 1515 1559 1575 disceruit
1583 1517 1745 1594 quidquid

191 1616 452 1682 discernendum
474 1627 538 1692 est,
555 1627 590 1680 et
613 1619 733 1679 dividit
756 1618 918 1694 quidquid
943 1617 1157 1677 dividendum
1180 1623 1243 1677 est.
1262 1618 1424 1694 Superbia
1448 1635 1581 1696 quoque
1603 1620 1636 1679 in
1659 1620 1744 1680 duas

192 1730 308 1802 partes
324 1724 456 1799 dividit,
475 1729 508 1784 et
531 1739 606 1783 eam
623 1723 789 1782 interdum
814 1723 993 1782 ascendere
1010 1721 1184 1797 permittit.
1202 1722 1292 1794 Quae
1315 1739 1390 1782 eum
1410 1741 1427 1782 a
1452 1723 1519 1782 Deo
1535 1723 1619 1783 nibil
1644 1741 1745 1800 quae-

192 1829 300 1905 sierit,
319 1830 377 1888 sed
394 1843 471 1888 cum
487 1828 598 1887 omnia
614 1843 700 1903 quae
724 1828 797 1886 vult
814 1827 855 1886 ad
872 1843 908 1886 se
925 1827 1110 1903 collegerit,
1136 1827 1228 1885 zelus
1245 1826 1374 1886 Domini
1400 1827 1532 1887 initium
1550 1828 1640 1888 illius
1664 1843 1741 1904 pro-

192 1934 324 2009 sternit,
342 1939 377 1993 et
402 1933 501 1993 finem
517 1933 590 2008 ejus
615 1937 761 2006 recusat;
780 1932 839 1991 sed
863 1937 897 1990 et
915 1932 1080 1991 luxuriam
1105 1947 1179 1990 cum
1205 1931 1381 2006 gehennali
1408 1933 1482 2008 igne
1506 1933 1683 2008 comburit,
1704 1949 1743 1993 ac

193 2035 401 2112 impietatem
417 2051 493 2095 cum
509 2049 616 2112 poena
633 2036 664 2094 ei
681 2040 883 2110 congruente
901 2036 1097 2094 incarcerat.
1115 2035 1250 2093 inanem
1266 2051 1400 2110 quoque
1416 2035 1569 2110 gloriam,
1583 2053 1669 2113 quae
1686 2053 1746 2096 cor

192 2137 372 2216 superbiae
390 2145 454 2213 est,
472 2146 506 2198 et
524 2137 712 2198 incendium
737 2139 879 2214 peceati,
897 2136 986 2213 quod
1009 2151 1069 2197 eor
1086 2137 1237 2196 luxuriae
1253 2143 1316 2210 est,
1336 2153 1375 2196 ac
1400 2137 1641 2214 infidelitatem,
1660 2155 1746 2216 quae

193 2259 253 2304 eor
269 2244 452 2320 impietatis
468 2251 531 2316 est,
557 2243 686 2302 duriter
702 2243 897 2320 prosternit,
924 2241 1081 2318 quoniam
1099 2257 1117 2300 a
1133 2240 1200 2300 Deo
1219 2242 1315 2317 longe
1332 2243 1451 2301 remoti
1473 2249 1560 2304 sunt:
1580 2245 1637 2320 qui
1653 2247 1742 2305 enim

191 2345 296 2406 Deum
313 2348 400 2407 scire
416 2348 544 2421 nolunt,
564 2347 640 2406 illos
656 2347 759 2406 etiam
776 2346 847 2421 ipse
862 2343 887 2423 ²)
908 2337 945 2403 in'
957 2345 1116 2420 praemiis
1141 2344 1303 2404 bonorum
1329 2347 1470 2420 ignorat,
1488 2349 1568 2422 quia
1584 2364 1661 2408 eum
1678 2368 1743 2411 non

194 2457 372 2528 quaeruut.
397 2451 460 2512 Sed
477 2451 613 2528 quidam
638 2449 789 2509 homines
807 2448 972 2525 quaedam
995 2449 1078 2508 vitia
1103 2448 1338 2524 conspiciendo
1362 2451 1569 2526 osculantur,
1588 2468 1674 2527 quae
1699 2459 1747 2513 ta-

191 2571 268 2616 men
286 2558 318 2616 in
335 2562 479 2616 stratum
496 2571 595 2616 suum
610 2572 676 2615 non
693 2555 867 2626 collocant;
887 2553 1051 2629 quaedum
1068 2553 1169 2612 etiam
1187 2555 1445 2630 amplectuntur,
1463 2571 1539 2615 eum
1556 2558 1679 2633 quibus
1695 2566 1745 2619 ta-

192 2674 269 2719 men
286 2660 482 2736 inpeccatis
500 2659 714 2735 gravioribus
731 2673 796 2716 non
809 2657 1013 2733 jaculentur;
1032 2655 1196 2732 quaedam
1213 2662 1325 2714 autem
1343 2659 1604 2733 cogitationibus
1621 2667 1655 2720 et
1671 2678 1746 2721 ver-

192 2761 247 2821 bis
262 2763 408 2840 capiunt,
427 2777 513 2839 quae
537 2769 648 2821 tamen
666 2761 698 2820 in
715 2759 874 2836 operibus
898 2776 962 2819 uon
980 2765 1175 2836 sequuntur.
1194 2759 1262 2818 Hos
1280 2776 1395 2821 omnes
1420 2762 1512 2820 zelus
1528 2754 1660 2823 Domini
1677 2780 1746 2824 om-

192 2867 271 2928 nino
295 2883 360 2927 non
376 2865 498 2943 pendit,
524 2864 582 2924 sed
600 2879 660 2940 per
683 2865 797 2924 varias
823 2879 948 2940 poenas
974 2879 1114 2939 cuprum
1131 2864 1173 2923 ab
1190 2864 1240 2922 eis
1257 2865 1373 2924 elimat
1388 2858 1425 2944 8).
1443 2865 1505 2937 Qui
1527 2872 1640 2926 autem
1656 2867 1747 2928 vitae

189 2968 396 3030 desiderium
419 2967 531 3042 babet,
550 2967 584 3026 iu
601 2967 658 3026 illo
675 2966 779 3027 verba
795 2965 878 3026 baec
894 2967 1070 3042 percipiat,
1089 2983 1128 3026 ac
1145 2981 1185 3026 ea
1202 2967 1235 3026 in
1257 2967 1399 3026 interius
1423 2967 1614 3028 cubiculum
1632 2969 1744 3030 cordis

191 3074 247 3134 sui
263 3072 431 3134 recondat.
1241 3051 1242 3056 ἵ

241 3175 294 3236 89.
311 3175 352 3236 Et
368 3175 437 3236 vidi
454 3175 633 3251 quamdam
649 3176 898 3236 multitudinem
915 3176 1137 3252 malignorum
1155 3177 1335 3252 spirituum
1352 3193 1391 3236 ex
1408 3177 1462 3236 his
1479 3195 1564 3253 quos
1581 3181 1673 3240 zelus
1685 3179 1749 3240 Do-

192 3279 275 3342 mini
292 3287 384 3342 recto
398 3279 523 3356 judicio
548 3280 589 3339 de
604 3280 698 3340 coelo
721 3280 909 3357 proiecerat
924 3275 962 3359 ‘);
987 3286 1021 3340 et
1037 3297 1122 3357 quos
1139 3281 1273 3340 Lucifer
1296 3297 1411 3340 seeum
1432 3280 1473 3341 ad
1497 3284 1651 3358 poenalia
1669 3285 1744 3344 loca

192 3393 353 3461 traxerat,
370 3401 431 3463 per
453 3391 562 3446 totum
578 3385 693 3446 orbem
718 3391 885 3445 terrarum
902 3386 989 3444 inter
1013 3383 1164 3446 homines
1188 3385 1357 3460 diffusam,
1384 3391 1417 3446 et
1435 3387 1468 3446 in
1484 3388 1534 3448 eis
1558 3389 1744 3464 nequitiam

192 3506 290 3551 suam
305 3493 552 3564 exagerantem.
569 3488 609 3548 Et
626 3489 804 3548 multitudo
823 3489 966 3549 istorum
984 3489 1237 3550 innumerabilis
1253 3495 1337 3563 erat,
1356 3495 1390 3550 et
1408 3490 1662 3553 innumerabilis
1678 3500 1744 3568 est,

191 3611 255 3656 nec
271 3596 331 3655 ulli
356 3594 422 3654 nisi
439 3594 503 3654 soli
526 3593 593 3653 Deo
610 3593 754 3669 cognita.
780 3591 893 3652 Sedet
918 3594 974 3654 isti
998 3593 1040 3654 ad
1064 3594 1228 3670 plurimas
1253 3593 1476 3654 adversitates
1502 3594 1674 3657 hominum
1696 3597 1745 3656 di-

191 3699 304 3776 spersi
319 3705 425 3772 erant,
445 3698 492 3759 ita
507 3698 596 3776 quod
613 3698 844 3774 uuusquisque
869 3714 996 3772 eorum,
1015 3699 1198 3758 seeundum
1224 3698 1358 3758 modum
1383 3700 1552 3776 nequitiae
1577 3717 1669 3776 suae,
1688 3702 1747 3763 bo-

192 3803 339 3864 minibus
364 3803 503 3863 insidias
527 3803 678 3878 penitet
701 3802 889 3863 insidiatur.
914 3803 954 3862 Et
970 3803 1135 3880 quosdam
1160 3803 1302 3862 istorum
1326 3804 1406 3878 vidi,
1432 3807 1490 3882 qui
1514 3823 1629 3868 omnes
1654 3810 1743 3886 quod

190 3905 324 3967 Lucifer
340 3906 423 3966 nulli
439 3905 612 3981 subjectus
635 3921 712 3965 esse
728 3906 848 3966 debeat
864 3906 998 3965 domino
1015 3901 1051 3984 ὅ),
1070 3905 1350 3966 vociferabantur.
1369 3907 1429 3965 lsti
1445 3908 1533 3967 enim
1551 3909 1742 3972 bominibus

191 4027 341 4073 amorem
358 4011 485 4071 saeculi
502 4011 693 4086 ostendunt,
711 4017 745 4070 et
760 4027 819 4070 eos
837 4010 878 4070 ad
895 4025 1044 4070 amorem
1059 4010 1132 4086 ejus
1149 4010 1306 4071 anhelare
1323 4011 1535 4086 persuadent.

902 4223 1034 4285 LXXVI.

678 4435 889 4512 Supplicium
913 4441 1100 4494 erectorum
1124 4436 1258 4496 saeculi.

236 4643 291 4706 90.
315 4643 355 4705 Et
372 4659 449 4704 ecce
473 4641 557 4704 duos
576 4643 668 4720 ignes
692 4643 773 4716 vidi,
800 4659 942 4719 quorum
967 4645 1053 4703 alter
1078 4645 1243 4705 llemmam
1268 4645 1439 4721 pallidam,
1465 4646 1551 4706 alter
1577 4647 1743 4710 llammam

194 4751 414 4810 rubicundam
438 4749 592 4809 habebat.
617 4749 656 4808 Et
673 4749 728 4808 ille
745 4749 801 4824 utri
821 4749 985 4807 ssanxmnm
1003 4751 1163 4824 pallidam
1180 4750 1308 4822 babuit,
1331 4752 1502 4811 vermibus
1519 4754 1666 4825 carebat.;
1687 4756 1741 4814 ille

231 4951 304 5019 ¹)Ci.
313 4956 442 5024 respectu
453 4952 489 5007 ad
498 4951 584 5008 blare.
593 4949 770 5016 lxma-²)
781 4955 838 5024 ipse
847 4950 946 5007 omn.
988 4967 1037 5024 per
1061 4955 1153 5006 totum
1176 4951 1263 5007 medii
1284 4951 1346 5006 aeri
1365 4950 1541 5008 curriculum
1561 4961 1693 5010 mearunt
1713 4956 1744 5010 in

230 5040 253 5106 ³)
268 5041 405 5097 Eliminat
417 5039 450 5096 Α.
513 5039 535 5106 ⁴)
548 5037 663 5094 Tertius
678 5037 780 5106 gradus
793 5043 836 5092 est
850 5036 950 5093 vatici·
988 5039 1063 5094 varia
1089 5040 1210 5102 theatra,
1234 5055 1322 5109 nsque
1346 5039 1380 5092 ad
1402 5037 1624 5107 dligberianem·
1637 5041 1743 5098 Conme-

194 5123 249 5187 nii‚
265 5124 293 5181 in
306 5139 363 5197 quo
376 5125 553 5200 prophetissa
567 5125 638 5181 solet
652 5139 743 5180 mores
755 5123 950 5180 tremefacien-
986 5123 1072 5186 diam,
1093 5124 1174 5195 cuins
1195 5123 1313 5179 fortasse
1334 5122 1428 5191 ignota
1449 5123 1496 5180 bie
1513 5125 1651 5188 babemus¹
1663 5127 1742 5183 ineu-

191 5210 231 5267 de
247 5209 396 5281 castigare.
414 5212 552 5268 horrenda
566 5211 681 5268 exelens
694 5211 863 5283 spectacula,
877 5225 948 5282 quae
987 5211 1098 5266 nebula.
1116 5244 1149 5251 --
1162 5213 1183 5276 5)
1199 5211 1330 5268 Dominus
1342 5210 1377 5274 Α,
1392 5211 1438 5267 W.

1620 5315 1640 5354 a
