3998 6100
281 485 303 543 8
855 502 880 548 e.
910 499 1189 552 ninnncnnnrs

237 617 506 694 expositionibus
515 612 550 697 ¹),
577 618 610 677 in
634 617 757 694 quibus
782 624 861 694 post
880 621 1072 696 praedictas
1091 623 1252 698 visiones,
1278 621 1384 683 multa
1402 620 1595 684 infirmitate
1619 623 1792 701 multoque

237 715 353 782 labore
369 722 522 798 corporis
546 728 698 798 gravata,
724 737 784 798 per
800 729 876 783 octo
901 741 1007 785 annos
1025 725 1238 801 duraveram,
1265 741 1350 804 quas
1376 727 1457 788 mihi
1479 727 1522 788 ad
1545 729 1790 805 explanandum

237 825 446 886 ostenderat.
464 825 547 886 Cum
565 827 739 901 sexaginta
757 843 927 912 annorum
936 843 1059 905 essem,
1081 828 1200 891 sortem
1216 836 1250 889 et
1267 829 1456 890 mirabilem
1472 829 1637 892 visionem
1653 831 1735 906 vidi,
1757 831 1791 891 in

239 943 307 1004 qua
323 928 425 986 etiarn
440 943 501 1004 per
517 927 781 1013 quinquennium
797 929 957 991 laboravi.

286 1034 316 1092 2.
336 1033 443 1109 Igitur
459 1033 493 1092 in
507 1033 718 1110 sexagesimo
735 1035 844 1109 primo
861 1035 985 1096 aetatis
1003 1051 1095 1096 meae
1113 1053 1210 1112 anno,
1224 1037 1282 1113 qui
1299 1039 1351 1096 est
1369 1036 1569 1098 millesimus
1583 1037 1790 1100 centesimus

242 1137 542 1214 quinquagesimus
561 1142 701 1197 octavus
717 1137 910 1198 Dominicae
927 1139 1170 1200 incarnationis
1188 1157 1306 1216 annue,
1321 1140 1384 1200 sub
1401 1157 1561 1217 pressura
1575 1141 1790 1218 Apostolieae

237 1237 346 1315 Sedis,
366 1248 526 1317 regnante
542 1239 712 1301 Friderioo
729 1241 957 1302 Romanorum
975 1238 1188 1320 imperatore,
1208 1243 1320 1304 audivi
1337 1260 1454 1304 vocem
1470 1244 1512 1304 de
1529 1245 1621 1305 coele
1639 1245 1723 1304 mihi
1740 1245 1790 1304 di-

236 1349 379 1403 centem:
400 1363 416 1403 r
435 1345 484 1403 Tu
500 1358 587 1420 quae
604 1343 646 1404 ab
664 1342 804 1404 infantia
821 1351 889 1420 tua,
907 1360 967 1421 per
984 1347 1142 1423 spiritum
1157 1347 1299 1422 Domini,
1326 1363 1392 1406 non
1408 1348 1587 1423 corporali,
1613 1347 1672 1407 sed
1690 1348 1789 1424 spiri-

237 1461 253 1501 »
273 1444 357 1504 tuali
374 1461 454 1506 vera
470 1446 600 1506 visione
616 1446 715 1507 docta
731 1463 780 1522 es,
799 1446 853 1507 dic
870 1463 909 1509 ea
927 1465 1014 1524 quae
1030 1465 1117 1509 nune
1133 1451 1229 1510 vides
1246 1457 1280 1510 et
1297 1451 1405 1511 audis.
1424 1449 1506 1510 Nam
1523 1467 1542 1510 a
1557 1450 1721 1526 principio
1739 1450 1788 1510 vi-

239 1565 255 1606 »
277 1549 411 1609 sionum
427 1555 572 1626 tuarum,
590 1551 755 1627 quaedam
767 1552 916 1612 visiones
933 1553 1026 1612 velut
1043 1553 1206 1630 liquidum
1224 1554 1276 1614 lae
1292 1555 1354 1614 tibi
1367 1560 1503 1614 ostensa
1517 1559 1606 1628 sunt;
1621 1554 1787 1631 quaedam

224 1643 255 1710 'n
275 1660 388 1714 autem
403 1654 496 1716 velut
512 1655 628 1715 suavis
645 1661 678 1714 et
695 1653 781 1714 lenis
798 1655 894 1715 cibus
912 1655 973 1716 tibi
990 1656 1177 1718 denudatae
1194 1663 1283 1733 sunt;
1302 1658 1467 1735 quaedam
1489 1663 1601 1718 autem
1616 1658 1711 1718 velut
1735 1674 1788 1719 so-

237 1773 254 1814 »
274 1756 363 1817 lidus
387 1763 421 1818 et
444 1757 615 1835 perfectus
639 1758 736 1819 cibus
761 1759 823 1820 tibi
840 1759 1077 1822 manifestatae
1094 1767 1181 1823 sunt.
1206 1761 1265 1822 Die
1282 1777 1362 1838 ergo
1378 1762 1481 1822 etiam
1498 1767 1532 1822 et
1548 1778 1646 1836 nunc,
1666 1777 1784 1822 seeun-

239 1877 257 1918 a
276 1859 356 1920 dum
372 1877 426 1921 me
442 1868 477 1923 et
491 1879 558 1924 nen
574 1863 758 1924 seeundum
782 1869 826 1940 te,
844 1870 878 1924 et
902 1865 1014 1925 scribe
1031 1866 1214 1926 secundum
1238 1883 1291 1926 me
1307 1872 1341 1927 et
1357 1883 1423 1928 non
1440 1867 1623 1927 secundum
1640 1871 1682 1928 te.
1703 1885 1719 1925 »
1744 1867 1785 1928 Et

233 1977 299 2038 ego
316 1964 509 2026 testimonio
533 1965 678 2026 hominis
704 1966 796 2026 illius
818 1982 929 2043 quern,
949 1971 986 2028 ut
1003 1968 1037 2028 in
1052 1969 1224 2044 prioribus
1240 1968 1428 2030 visionibus
1444 1968 1596 2044 praefata
1613 1983 1706 2044 sum,
1731 1983 1785 2028 oe-

236 2066 329 2126 culte
345 2069 576 2145 quaesieram,
601 2077 635 2130 et
651 2070 862 2146 inveneram,
887 2077 921 2132 et
944 2073 1139 2132 testimonio
1163 2073 1340 2150 euJusdam
1363 2074 1495 2150 puellae
1519 2073 1601 2134 mihi
1623 2075 1785 2134 assisten-

238 2167 330 2250 tisl),
348 2187 467 2233 manus
484 2172 526 2233 ad
543 2173 757 2238 scribendum
772 2175 881 2251 posui.
898 2175 939 2237 Et
956 2177 1078 2237 iterum
1094 2177 1209 2238 audivi
1226 2192 1344 2238 vocem
1361 2176 1402 2236 de
1426 2176 1520 2238 coelo
1537 2175 1578 2236 ad
1595 2191 1647 2236 me
1672 2176 1784 2237 dicen-

235 2279 304 2336 tem
320 2282 354 2338 et
370 2293 423 2337 me
439 2277 615 2339 docentem
630 2265 691 2340 sic.

598 2523 599 2527 =
689 2485 819 2547 PRIMA
843 2487 948 2548 VISIO
973 2489 1126 2550 PRIMAE
1150 2484 1330 2570 PARTIst)

275 2692 310 2754 3.
327 2693 368 2755 Et
384 2696 453 2756 vidi
470 2691 613 2776 virum⁴)
634 2701 747 2757 tantae
762 2697 979 2772 proceritatis
996 2697 1084 2774 quod
1101 2715 1120 2756 a
1138 2697 1332 2757 summitate
1347 2696 1487 2757 nubium
1504 2695 1590 2756 coeli
1615 2709 1722 2772 usque
1739 2695 1780 2754 ad

230 2796 395 2872 abyssum
411 2799 633 2876 pertingebat,
654 2801 700 2858 ita
718 2799 806 2876 quod
824 2799 866 2859 ab
883 2799 1033 2860 humeris
1050 2801 1122 2860 suis
1139 2817 1275 2861 sursum
1300 2817 1402 2877 snpra
1426 2797 1533 2858 nubes
1557 2798 1592 2857 in
1607 2797 1783 2857 serenissi-

232 2913 286 2959 mo
304 2900 441 2962 aethere
458 2909 542 2978 erat;
561 2907 594 2962 et
611 2903 653 2962 ab
665 2897 821 2962 ‘humeris
838 2902 996 2963 deorsum
1011 2903 1052 2964 ad
1067 2903 1193 2964 semera
1211 2920 1284 2978 sua,
1300 2903 1362 2962 sub
1376 2902 1496 2962 iisdem
1508 2900 1654 2960 nubibus
1669 2899 1701 2958 in
1714 2899 1782 2959 alia

231 3003 378 3079 quadam
395 3005 536 3066 candida
552 3006 650 3080 nube;
668 3011 703 3065 et
718 3022 740 3065 a
756 3005 941 3066 femoribus
959 3007 999 3066 ad
1017 3023 1125 3083 genua
1143 3025 1215 3083 sua,
1235 3009 1269 3066 in
1291 3013 1424 3066 terreno
1440 3020 1528 3078 aere;
1554 3009 1589 3063 et
1605 3020 1624 3062 a
1641 3003 1781 3078 genibus

231 3109 273 3170 ad
291 3126 388 3182 suras
407 3127 498 3187 suae,
517 3112 550 3171 in
567 3117 669 3186 terra;
694 3117 763 3170 eta
781 3111 871 3171 suris
895 3111 1053 3172 deorsum
1078 3112 1118 3172 ad
1136 3114 1268 3188 plantas
1294 3127 1388 3182 suas,
1415 3111 1448 3170 in
1465 3109 1562 3185 aquis
1580 3107 1705 3182 abyssi,
1732 3107 1779 3166 ita

230 3214 320 3289 quod
337 3216 440 3275 etiam
456 3231 557 3292 supra
575 3216 735 3292 abyssum
753 3214 875 3275 stabat.
892 3216 933 3275 Et
950 3231 986 3274 se
1007 3214 1234 3305 adOrientem
1251 3221 1411 3290 verterat,
1437 3217 1484 3275 ita
1501 3212 1589 3291 quod
1607 3219 1641 3272 et
1664 3211 1779 3273 Orien-

231 3320 299 3376 tem
316 3322 350 3376 et
366 3317 528 3378 Austrum
545 3318 755 3394 inspiciebat.
773 3318 892 3378 Vultus
909 3324 1022 3379 autem
1038 3319 1111 3395 ejus
1129 3325 1225 3379 tanta·
1238 3320 1394 3380 claritate
1413 3317 1572 3394 fulgebat,
1597 3315 1685 3393 quod
1701 3330 1778 3373 eum

229 3416 272 3477 ad
288 3418 475 3493 perlectum
500 3420 622 3481 intueri
645 3435 711 3479 non
734 3426 896 3496 poteram.
922 3421 970 3480 Ad
994 3437 1032 3480 os
1057 3423 1189 3498 quoq'ne
1213 3423 1286 3498 ejus
1303 3421 1445 3482 candida
1461 3421 1567 3480 nubes
1584 3424 1667 3492 erat,
1692 3431 1778 3493 quae

228 3522 486 3610 similitudinem
508 3526 607 3586 tubae
626 3524 781 3601 habebat,
800 3529 834 3584 et
851 3539 936 3602 quae
953 3525 1102 3585 omnium
1120 3543 1279 3586 sonorum
1295 3525 1459 3587 velociter
1475 3522 1666 3583 sonantium
1682 3521 1780 3596 plena

229 3623 305 3686 duit.
322 3625 360 3686 ln
376 3644 477 3705 quam
494 3628 574 3688 dum
592 3628 681 3688 idem
696 3626 751 3687 vir
767 3627 881 3687 ilatum
899 3628 1006 3702 daret,
1025 3634 1094 3688 tres
1111 3637 1230 3690 ventos
1247 3631 1372 3705 emisit,
1391 3643 1535 3705 quorum
1551 3641 1637 3686 unus
1658 3624 1781 3684 nubem

229 3731 373 3810 igneam,
388 3750 475 3795 unus
492 3736 615 3796 nubem
627 3734 808 3810 turbidam,
823 3749 909 3794 unus
926 3733 1071 3794 lucidam
1089 3752 1191 3812 super
1204 3752 1241 3796 se
1254 3736 1410 3812 babebat,
1426 3736 1472 3795 ita
1485 3734 1573 3812 quod
1588 3733 1689 3793 iidem
1701 3746 1780 3791 ven-

161 3963 163 3967 ·
266 3927 434 4000 ¹)Respeetu
443 3927 563 3984 tortasse
573 3929 607 3983 ad
617 3928 808 4000 expositiones
819 3929 849 3985 in
860 3929 985 4002 Euenus·
1021 3933 1063 3994 ia,
1077 3932 1159 4004 cujus
1173 3931 1204 3988 in
1217 3929 1412 4003 superioribus
1425 3927 1583 3984 visionibus
1602 3923 1777 3981 mentionem

228 4012 283 4074 liu,
297 4011 507 4084 inlraprimum
519 4013 621 4077 editas,
637 4015 667 4070 in
681 4015 813 4087 Regulum
825 4016 853 4070 S.
871 4016 985 4071 Bmedi-
1026 4015 1089 4073 leci.
1119 4017 1199 4072 »Nee
1218 4022 1317 4072 notare
1335 4017 1459 4071 otiosum
1478 4019 1531 4076 est,
1552 4013 1624 4068 illud
1643 4014 1728 4068 semel
1748 4015 1777 4066 et

227 4101 277 4159 cti,
290 4097 320 4152 in
331 4097 487 4169 Spndolam
496 4099 526 4156 S.
537 4101 728 4163 emerammi
738 4101 773 4154 ad
782 4119 908 4173 nepem
917 4101 985 4156 Gui-
1024 4118 1120 4159 rursus
1132 4102 1251 4160 dietum:
1263 4121 1373 4160 monum
1384 4105 1422 4158 od
1431 4104 1598 4160 renhardum
1604 4103 1697 4174 posui,
1707 4114 1777 4172 opus

226 4185 302 4240 berto
322 4183 504 4241 Gereblacmi
517 4184 681 4248 XXXVIII.
701 4186 807 4242 Patrol·
826 4191 844 4240 t·
861 4188 879 4242 Ι.
903 4191 982 4247 1037»
1023 4191 1169 4261 preprium
1194 4191 1290 4264 potius
1314 4189 1485 4259 significare,
1508 4203 1594 4258 quam
1620 4201 1776 4242 sermonem

230 4275 309 4335 105³.
325 4273 620 4345 tenebrescentes
633 4272 814 4342 Hildegardis
824 4271 983 4343 disputavit
1024 4277 1211 4340 teutonicum,
1231 4275 1319 4332 latine
1332 4289 1473 4330 versuma
1491 4273 1666 4329 Theoderico
1682 4287 1776 4328 mona·

230 4357 275 4412 vir
287 4357 387 4415 doetus
399 4374 527 4430 nupera.
545 4363 613 4414 1875
628 4358 657 4413 in
675 4359 829 4414 Hebriue
843 4361 983 4431 politiscte
1021 4361 1085 4424 ebe,
1109 4367 1141 4416 ut
1160 4362 1288 4433 plerique
1309 4364 1421 4423 volunt.
1441 4361 1476 4416 de
1491 4377 1548 4432 quo
1567 4361 1705 4432 scriptore
1725 4359 1773 4414 vix

227 4445 344 4504 Blbtter.
360 4448 445 4502 Plura
457 4447 662 4517 prolegomenis
675 4444 780 4501 nestris
791 4451 978 4508 reservantur.
1021 4449 1139 4504 obscure
1170 4449 1297 4520 loquitur
1321 4447 1510 4518 llildegnrdis.
1544 4447 1635 4502 lrnme
1663 4445 1774 4500 utinam

260 4537 283 4602 ²)
297 4535 341 4591 lta
360 4535 390 4591 in
404 4535 546 4606 prooemio
566 4533 633 4589 libri
648 4533 767 4591 Sueten·
785 4557 798 4582 ι
817 4533 981 4591 testimonie
1021 4535 1082 4607 ipsa
1101 4534 1196 4592 minus
1216 4535 1313 4592 sileret
1330 4536 1365 4590 de
1384 4535 1436 4590 bac
1454 4535 1543 4591 nobili
1556 4533 1665 4606 puella,
1684 4531 1776 4602 lenifi-

225 4621 375 4693 eujusdam
391 4623 491 4678 nobilis
508 4627 533 4676 et
551 4621 680 4676 bonerum
697 4637 800 4676 merum
814 4621 935 4692 puellae,
953 4627 981 4692 et
1018 4627 1097 4677 canu
1114 4624 1305 4684 cicindelae,
1324 4635 1396 4691 quae
1414 4624 1551 4691 perpetue
1570 4616 1683 4679 latebit,
1700 4617 1775 4673 sicut

228 4709 354 4764 bominis
367 4707 447 4764 illius
456 4721 540 4779 quem
554 4707 665 4762 occulte
677 4704 852 4776 quaesieram
865 4712 894 4762 et
905 4707 982 4762 inve-
1020 4706 1129 4770 decue,
1143 4711 1314 4776 argutaeque
1328 4705 1475 4766 moniales.
1485 4719 1557 4774 quae
1570 4719 1634 4759 cum
1644 4704 1694 4760 SS.
1707 4704 1775 4760 Ger-

228 4811 335 4858 neram,
352 4812 448 4850 munus
465 4793 682 4850 asennaeum
699 4793 824 4864 apposui.
845 4813 855 4840 ι
872 4790 916 4845 lta
929 4790 981 4847 ite·
1022 4792 1102 4848 trude
1114 4797 1143 4848 et
1155 4791 1310 4848 Meehtilde
1322 4793 1462 4848 calamum
1485 4795 1599 4846 tenuere
1614 4789 1688 4844 baud
1704 4805 1774 4846 sem-

225 4895 290 4935 rum
309 4881 344 4936 ab
363 4879 478 4936 exordio
497 4879 564 4934 libri
585 4879 749 4935 Dictaei-um
766 4887 884 4950 eperum:
905 4877 981 4935 «Te-
1019 4894 1069 4950 per
1084 4877 1280 4946 inelegantem.
1295 4909 1330 4919 -
1342 4877 1364 4943 ³)
1377 4877 1507 4932 Titulum
1521 4891 1576 4932 om.
1592 4876 1624 4932 Α.

225 4966 368 5022 stificante
381 4964 495 5020 bomine
509 4965 570 5028 illo,
584 4979 680 5035 quern,
698 4965 775 5020 velut
789 4963 818 5019 in
837 4965 981 5037 prioribus
1055 4964 1078 5030 ⁴)
1095 4963 1154 5029 Vir,
1168 4965 1293 5019 Christus
1306 4969 1353 5025 est,
1366 4968 1398 5017 ut
1412 4961 1467 5017 lert
1481 4963 1575 5018 Clunia
1587 4962 1707 5018 Mettum.
1724 4963 1774 5016 Pa-

226 5053 387 5109 risionibus
405 5053 476 5108 meis
489 5043 614 5124 praelata
632 5067 706 5114 sum.
726 5051 836 5107 oeeulte
854 5052 981 5121 qnaesie
1022 5051 1074 5107 tris
1093 5067 1159 5106 rere
1174 5050 1286 5106 videtur
1309 5050 1378 5113 voe,
1394 5065 1466 5120 quae
1486 5065 1535 5121 per
1554 5054 1646 5105 tetum
1668 5049 1772 5104 librum

225 5153 285 5194 ram
299 5143 328 5194 et
342 5137 517 5201 inveneram,
530 5137 700 5194 testificante
710 5137 797 5193 etiam
808 5137 981 5211 eedempuel-
1022 5137 1145 5195 visiones
1159 5138 1372 5211 interpretatur.
