3992 6092
715 531 834 583 mssa
860 535 960 581 virm
988 533 1220 582 nsnrroson
1662 519 1705 578 55
1805 557 1817 586 ,

189 659 373 724 constricta
388 655 515 733 ieiunia
532 663 609 714 cum
625 654 710 715 diris
735 655 933 716 verberibus
950 669 1011 731 per
1034 655 1132 731 longa
1156 662 1308 733 tempora
1334 654 1468 730 nabsan
1490 661 1524 715 et
1540 657 1641 715 etiam
1661 656 1744 714 inte·

187 767 255 826 rim
271 762 382 823 cilicio
407 775 445 822 se
461 759 626 836 affligens,
645 775 685 819 ac
710 764 855 820 stratum
872 775 970 820 suom
987 760 1098 818 cinare
1119 759 1353 834 commiscens,
1374 759 1546 819 consortia
1567 757 1740 822 hominum

190 869 308 945 fugiat,
326 879 369 926 ac
387 865 576 926 solitariam
592 863 697 924 vitam
715 863 749 923 in
765 863 852 923 silva
870 863 1003 923 interim
1022 861 1184 938 perficiat.

904 1067 1028 1129 CXIIII.

648 1279 861 1339 Pocnt'tentia
883 1267 1032 1336 obortum
1055 1278 1280 1355 procurantis.

235 1491 311 1552 tan.
336 1489 491 1550 Feminae
508 1491 620 1548 autem
638 1501 723 1564 quae
748 1489 928 1563 conceptus
946 1501 1038 1561 suos,
1056 1485 1213 1546 videlicet
1237 1484 1413 1547 materiam
1430 1485 1557 1563 figurae
1582 1486 1740 1564 hominis,

189 1598 223 1656 in
240 1593 432 1671 semetipsis
449 1591 679 1668 oppresserint
693 1583 716 1669 ¹)
733 1595 768 1649 et
782 1589 1033 1666 dIssipaverint,
1051 1605 1172 1666 aspera
1186 1590 1313 1667 jejunia
1329 1596 1363 1650 et
1379 1605 1500 1667 aspera
1517 1591 1657 1652 verbera
1675 1609 1738 1669 per

188 1715 305 1762 veram
320 1697 559 1776 poenitentiam
576 1695 751 1774 recipiant,
769 1698 935 1770 qnatenus
953 1695 1083 1770 seipsas
1101 1694 1282 1770 praediolis
1299 1694 1416 1771 poenis
1432 1696 1585 1771 eripiant.

918 1902 1007 1963 CXV.

477 2115 692 2176 Poena'tentio
707 2115 824 2171 matris
841 2111 880 2171 de
898 2129 931 2171 sc
948 2117 1066 2170 natum
1083 2112 1254 2188 Infantem
1271 2113 1459 2172 occidentis.

237 2325 311 2386 133.
329 2324 411 2384 illae
426 2335 571 2398 quoque,
589 2335 675 2397 quae
692 2318 836 2379 intentes
853 2318 893 2378 de
910 2333 947 2378 se
967 2325 1065 2379 natos
1082 2319 1183 2379 morti
1200 2319 1414 2396 subjecerint,
1429 2325 1463 2379 et
1481 2319 1527 2380 ita
1543 2322 1620 2398 plus
1636 2337 1738 2399 quam

189 2427 416 2491 bestialitater
431 2424 655 2503 peccaverint,
673 2428 710 2483 ut
725 2423 972 2484 damnationem
990 2423 1108 2484 mortis
1124 2423 1279 2498 evadant,
1297 2424 1473 2484 acerrimis
1486 2425 1624 2502 jejuniis
1640 2435 1674 2488 et
1692 2429 1742 2490 di-

190 2533 240 2593 ris
256 2531 453 2592 verberibus
470 2543 509 2588 ac
525 2526 707 2605 asperitate
723 2528 880 2602 vestium,
899 2527 932 2586 in
950 2526 1141 2587 solitudinis
1159 2527 1326 2603 angustia,
1345 2543 1381 2587 se
1401 2529 1552 2606 puniant,
1570 2538 1740 2608 quatenus

191 2639 225 2696 in
242 2633 356 2696 lutura
371 2635 442 2695 vita
459 2631 643 2693 remedium
660 2631 858 2692 salvationis
875 2631 1055 2690 inveniant.

915 2839 1019 2900 CXVI.

500 3051 559 3111 Sui
583 3051 704 3110 occisor
728 3055 833 3108 totum
857 3065 890 3107 se
915 3051 986 3107 sine
1013 3050 1232 3110 consolatione
1257 3053 1434 3128 cntinpnit.

239 3257 315 3320 tat.
340 3257 403 3318 Sed
419 3252 477 3334 qui
501 3258 650 3334 seipsum
667 3251 701 3318 in
725 3263 867 3318 mortem
883 3257 1167 3334 praecipitaverit,
1194 3255 1389 3320 memoriam
1414 3259 1577 3324 bonorum
1602 3266 1667 3326 sihi
1686 3267 1743 3328 ab·

194 3363 326 3435 stroxit,
344 3361 502 3438 quonlam
518 3361 704 3422 consolatio
716 3360 940 3437 poenitentiae
957 3361 1083 3420 exitum
1095 3362 1227 3422 animae
1244 3363 1351 3438 ipsius
1364 3379 1430 3423 non
1445 3369 1641 3442 praecessit.
1657 3370 1739 3431 Cum

194 3465 284 3526 enim
302 3464 365 3526 hoc
381 3463 514 3540 occidit,
533 3479 610 3523 cum
625 3479 692 3542 quo
708 3463 857 3540 seipsum
874 3479 934 3540 per
948 3465 1187 3540 poenitentiam
1204 3481 1348 3541 purgare
1372 3466 1497 3542 debuit,
1517 3485 1553 3530 se
1572 3477 1678 3534 totum
1698 3477 1744 3535 si-

195 3585 238 3627 ne
256 3567 485 3628 consolatione
503 3567 651 3627 extinxit.

906 3672 1026 3733 CXVII.

556 3877 597 3942 In
617 3883 826 3958 poenitentia
845 3881 1045 3959 possibilitas
1070 3883 1310 3943 consideranda
1332 3889 1391 3943 cst.

243 4083 319 4152 l35.
344 4089 381 4150 In
404 4088 493 4148 omni
514 4095 626 4149 autem
647 4087 799 4164 judiciali
822 4090 1026 4166 poenitentia
1049 4089 1259 4167 possibilitas
1283 4097 1317 4151 et
1341 4091 1555 4154 imbecillitas
1578 4100 1744 4160 naturalis

196 4194 398 4256 conditionis
416 4191 559 4253 hominis
576 4187 818 4253 consideranda
833 4200 896 4254 est.
914 4195 1037 4255 Beatus
1062 4210 1141 4270 ergo
1158 4195 1214 4254 ille
1238 4201 1302 4270 est,
1320 4197 1376 4273 qui
1402 4199 1642 4272 poenitentiam
1667 4219 1743 4280 peo-

197 4305 350 4360 catorum
374 4313 513 4358 suorum
529 4312 644 4357 secum
667 4303 790 4373 portat,
809 4304 842 4358 et
866 4315 940 4359 eam
953 4298 1058 4375 judici
1084 4300 1259 4376 utriusque
1279 4301 1369 4362 vitae
1395 4311 1634 4380 repraesentat.
1660 4307 1743 4368 Nam

196 4403 402 4480 poenitentia
418 4417 504 4478 quae
521 4401 555 4461 in
570 4400 687 4462 eadem
700 4401 768 4462 vita
782 4419 841 4478 per
853 4404 1089 4464 contritionem
1105 4403 1292 4479 inchoatur,
1308 4406 1348 4466 ad
1365 4414 1536 4468 aeternam
1548 4411 1652 4470 vitam
1666 4427 1742 4472 cum

195 4507 306 4584 gloria
323 4511 526 4568 reservatur.

904 4611 1039 4674 CXVIII.

526 4819 614 4882 Dens
638 4822 926 4900 acceptatam
950 4840 1045 4883 snam
1069 4824 1156 4884 sotus
1179 4821 1295 4886 nabere
1318 4825 1436 4886 noluit.

245 5023 320 5092 136.
345 5027 433 5091 Deus
449 5027 538 5090 enim
553 5031 664 5091 omnia
680 5032 818 5106 creavit,
838 5037 872 5093 et
889 5039 1002 5093 creata
1018 5033 1212 5108 vivificavit,
1232 5039 1265 5092 et
1282 5033 1371 5094 sicut
1388 5040 1463 5096 ante
1482 5036 1615 5095 saecula
1633 5036 1745 5112 dIspo-

238 5196 261 5261 ¹)
274 5203 461 5269 oppresserant
473 5205 497 5254 et
510 5200 710 5271 dissipaverant
723 5198 755 5254 Α.
