3998 6100
282 471 324 535 lo
587 462 592 474 ’
858 497 886 542 ε,
911 495 1179 543 nrnnsoxnors

290 609 321 671 8.
339 612 375 670 ln
391 608 553 687 praelatis
569 617 681 672 autem
698 612 846 673 tenebris
867 614 1120 674 innumerabilis
1145 612 1243 673 turba
1268 612 1476 688 perditarum
1499 613 1688 672 animarum
1713 608 1792 688 ruit,

245 731 331 790 quae
347 734 367 777 a
384 733 465 777 sono
484 717 618 777 illorum
642 717 675 776 in
699 719 823 777 Austro
847 719 1037 778 canentium
1061 717 1324 792 declinaverant,
1349 717 1482 794 quando
1507 719 1713 778 consortium
1735 733 1791 778 eo-

245 834 319 878 rum
336 821 504 894 nolebant;
523 836 667 897 quorum
683 820 749 880 dux
767 821 924 882 seductor
940 822 1129 898 appellatus
1146 827 1210 896 est,
1229 821 1308 898 quia
1326 836 1427 898 opera
1443 821 1517 897 eius
1534 816 1673 901 secuti¹)
1699 826 1789 896 sunt,

245 924 325 1000 quia
342 925 476 986 Christo
494 940 690 1002 percussus,
710 926 798 986 ultra
815 926 995 1002 quicquam
1012 943 1078 986 non
1094 926 1211 986 valuit.
1227 926 1269 986 Et
1284 925 1346 986 bae
1359 940 1475 986 omnes
1491 926 1697 986 lamentabili
1710 941 1792 986 voce

242 1027 443 1104 clamabant,
460 1029 622 1090 dicentes:
650 1029 764 1104 allae,
790 1045 852 1090 vae
876 1029 1001 1111 noxiali
1024 1035 1058 1090 et
1082 1029 1250 1090 horrendo
1274 1029 1380 1106 operi,
1406 1029 1494 1106 quod
1511 1031 1616 1090 vitam
1635 1029 1731 1106 sugit,
1755 1037 1790 1090 et

245 1147 261 1186 x
280 1129 370 1204 quod
387 1130 420 1188 lu
435 1131 533 1191 nobis
550 1131 591 1191 ad
609 1136 752 1200 mortem
769 1131 922 1197 tetenditl
945 1149 961 1189 a
1062 1205 1064 1210 Ι

286 1233 318 1294 9.
336 1233 459 1294 Deinde
475 1235 545 1294 vidi
561 1235 682 1294 nubem
700 1235 742 1294 ab
758 1235 922 1311 Aquilone
938 1233 1139 1310 venientem,
1157 1251 1244 1312 quae
1261 1251 1297 1295 se
1315 1235 1356 1294 ad
1373 1236 1509 1296 easdem
1526 1236 1682 1296 tenebras
1705 1234 1789 1295 dila-

242 1338 338 1412 tavit,
356 1344 390 1397 et
406 1353 493 1415 quae
510 1339 552 1398 ab
569 1339 658 1398 omni
683 1339 803 1414 gaudio
821 1344 855 1398 et
871 1339 914 1399 ab
931 1340 1020 1399 omni
1047 1338 1207 1399 felicitate
1223 1340 1319 1400 arida
1337 1339 1411 1416 luit,
1437 1341 1516 1418 quia
1533 1342 1635 1400 etiam
1658 1356 1719 1401 nec
1736 1341 1788 1401 sol

243 1442 335 1502 illam
352 1442 474 1518 tetigit,
491 1458 552 1502 neo
569 1459 606 1502 se
624 1443 672 1502 illi
689 1442 845 1504 ostendit.
864 1442 941 1520 Ipsa
958 1449 1070 1504 autem
1087 1444 1311 1519 malignorum
1328 1445 1509 1521 spirituum
1525 1444 1623 1521 plena
1641 1443 1714 1520 luit,
1728 1445 1787 1522 qui

241 1551 274 1609 in
290 1565 329 1610 ea
346 1549 409 1609 hac
425 1556 458 1609 et
478 1550 555 1635 illac
572 1551 793 1625 vagabantur,
810 1555 844 1610 et
860 1549 1051 1609 hominibus
1069 1550 1210 1610 insidias
1227 1550 1516 1625 machinabantur,
1543 1566 1583 1611 ao
1607 1550 1664 1627 qui
1687 1565 1785 1627 prae·

242 1652 369 1711 dictum
381 1653 492 1712 virum
509 1652 762 1714 erubescebant.
775 1653 815 1712 Et
829 1652 942 1712 audivi
959 1653 1133 1729 antiquum
1146 1659 1336 1730 serpentem
1353 1655 1442 1713 intra
1455 1669 1492 1713 se
1504 1653 1682 1713 dicentem:
1702 1673 1718 1712 a
1734 1653 1788 1712 Vi·

235 1765 255 1816 'n
276 1773 331 1818 res
356 1757 563 1817 fortitudinis
587 1773 681 1817 meae
704 1758 746 1817 ad
770 1757 1021 1834 propugnacula
1044 1757 1273 1834 praeparabo,
1299 1764 1333 1817 et
1356 1764 1474 1818 contra
1499 1757 1652 1818 inimicos
1677 1770 1783 1832 mooe,

241 1881 257 1921 »
276 1869 439 1940 quantum
454 1879 604 1940 possum,
622 1862 787 1939 pugnabo.
806 1880 822 1920 a
841 1863 882 1922 Et
899 1863 949 1921 sic
966 1877 1105 1939 spumas
1122 1862 1304 1923 multarum
1322 1861 1611 1921 immunditiarum
1624 1875 1700 1920 oum
1716 1875 1786 1919 om-

240 1970 339 2029 nibus
356 1969 450 2029 vitiis
466 1969 509 2029 ab
526 1983 583 2029 ore
600 1985 661 2028 suo
679 1967 766 2028 inter
781 1967 933 2028 homines
950 1967 1075 2043 emisit,
1101 1983 1140 2028 ac
1156 1967 1336 2044 plurimam
1363 1967 1554 2026 irrisionem
1576 1965 1628 2023 eis
1644 1963 1784 2038 inllavit,

238 2079 272 2133 et
287 2073 381 2133 dixit:
401 2093 417 2132 a
436 2071 539 2132 Vaohl
562 2072 638 2132 illos
654 2073 712 2148 qui
728 2087 789 2148 per
805 2071 917 2133 lucida
933 2088 1035 2148 opera
1052 2087 1090 2131 se
1107 2072 1196 2132 soles
1213 2072 1397 2146 nominant,
1422 2086 1484 2146 ego
1505 2069 1656 2129 noxiales
1671 2075 1705 2129 et
1727 2085 1786 2128 no-

240 2191 256 2231 »
275 2181 413 2236 otumos
430 2191 469 2234 ac
486 2173 666 2233 horribiles
684 2174 883 2234 intenebris
901 2172 1033 2234 faciam.
1049 2193 1065 2232 s
1084 2173 1124 2234 Et
1141 2173 1350 2234 teterrimam
1367 2173 1523 2233 nebulam
1540 2171 1679 2247 alllavit,
1697 2187 1783 2248 quae

239 2283 343 2340 totam
360 2285 497 2354 terram,
515 2278 608 2338 velut
623 2278 827 2353 nigerrimus
846 2277 958 2338 tumus
976 2279 1098 2352 tetigit,
1113 2293 1153 2336 ex
1169 2293 1234 2354 quo
1252 2261 1360 2336 etiam
1372 2278 1537 2336 maximus
1555 2275 1686 2351 rugitus
1700 2275 1784 2335 into-

237 2383 321 2459 nuit,
340 2383 464 2443 dioens:
485 2401 501 2440 r
519 2382 638 2442 Nullus
654 2381 754 2442 homo
767 2382 871 2442 alium
886 2381 991 2440 Deum
1008 2381 1136 2457 adoret,
1150 2381 1216 2440 nisi
1231 2397 1331 2457 quem
1347 2381 1439 2441 videt
1450 2387 1484 2441 et
1501 2381 1683 2456 cognoscit.
1697 2379 1781 2452 Quid

240 2503 256 2543 a
274 2491 327 2545 est
343 2485 418 2561 hoo,
436 2485 525 2562 quod
542 2485 641 2545 homo
659 2485 739 2545 colit
755 2484 844 2562 quod
861 2501 927 2544 uon
943 2484 1132 2561 cognoscit?
1150 2503 1166 2542 a
1186 2484 1222 2544 ln
1239 2483 1354 2544 eadem
1370 2490 1483 2544 autem
1503 2485 1625 2544 nebula
1646 2484 1781 2545 diversa

236 2605 358 2665 genera
375 2591 535 2651 vitiorum
552 2588 756 2664 imaginibus
773 2587 845 2648 suis
862 2587 942 2649 vidi.
960 2587 1006 2648 Ex
1023 2587 1146 2664 quibus
1163 2593 1292 2665 septem
1309 2589 1343 2648 in
1359 2588 1447 2649 buno
1471 2588 1606 2648 modum
1630 2587 1782 2649 conside-

236 2695 362 2755 rabam.

999 2895 1022 2958 1.

806 3103 906 3165 Verbo
929 3108 1051 3165 amoris
1076 3106 1210 3165 sacculi.

279 3313 457 3374 l0.l³rlma
472 3313 581 3388 imago
596 3311 737 3372 sormam
750 3311 895 3371 hominis
908 3317 942 3370 et
955 3311 1163 3387 nigredinem
1175 3310 1342 3387 aethiopis
1355 3312 1511 3388 habebat,
1521 3319 1555 3373 et
1568 3313 1655 3373 nuda
1669 3318 1775 3390 stans,

232 3419 381 3480 brachiis
398 3433 437 3478 ac
453 3417 609 3478 cruribus
627 3417 699 3476 suis
716 3415 871 3475 arborem
889 3415 952 3474 sub
970 3416 1074 3474 ramis
1090 3413 1164 3490 ejus
1178 3414 1455 3492 circumdederat,
1470 3417 1504 3476 in
1520 3433 1585 3493 qua
1598 3418 1709 3477 omnia
1721 3432 1777 3492 ge·

233 3539 313 3582 nera
330 3521 478 3582 omnium
495 3520 614 3580 tlorum
630 3522 859 3579 excreverant.
876 3517 917 3577 Et
934 3519 1088 3578 manibus
1105 3517 1177 3577 suis
1194 3517 1293 3578 llores
1310 3517 1386 3577 illos
1403 3517 1444 3580 ad
1461 3533 1498 3578 se
1514 3519 1659 3594 collegit,
1678 3525 1712 3578 et
1726 3519 1777 3579 di-

232 3629 294 3688 xit:
322 3625 474 3686 «Omnia
498 3639 599 3700 regna
616 3621 731 3682 mundi
748 3636 824 3680 cum
840 3621 978 3681 lloribus
1003 3627 1036 3680 et
1053 3621 1259 3680 ornamentis
1283 3620 1355 3680 suis
1379 3626 1486 3681 teneo.
1510 3621 1550 3682 Et
1573 3636 1677 3697 quare
1702 3636 1774 3681 are-

231 3750 248 3790 »
267 3747 371 3808 scam,
390 3746 466 3790 eum
482 3744 615 3789 omnem
629 3727 837 3788 viriditatem
852 3725 1011 3787 babeam?
1032 3725 1099 3787 Cur
1114 3725 1212 3802 quasi
1230 3726 1263 3785 in
1280 3725 1376 3786 senili
1394 3732 1503 3786 aetate
1519 3727 1680 3804 viverem,
1697 3743 1774 3788 eum
1833 3803 1835 3807 Α

232 3855 248 3893 a
268 3838 488 3916 injuventute
505 3836 659 3900 lloream‘l
674 3836 783 3909 Quare
798 3835 977 3913 pulchrum
993 3836 1104 3896 visum
1112 3832 1138 3916 ²)
1157 3836 1330 3896 oculorum
1356 3835 1389 3895 in
1412 3837 1575 3896 coecitate
1598 3837 1773 3898 duceremt

231 3961 246 4000 a
265 3943 358 4016 Quod
375 3945 404 4004 si
422 3945 484 4004 hoc
502 3943 659 4017 lacerem,
677 3943 924 4002 erubescerem.
943 3940 1095 4012 Quandiu
1111 3940 1395 4016 pulchritudinem
1411 3939 1511 4017 hujus
1529 3940 1656 4001 saeculi
1673 3940 1774 4002 babe-

233 4065 248 4102 n
268 4062 304 4104 re
321 4052 450 4122 potero,
476 4061 550 4105 eam
575 4045 717 4105 libenter
733 4045 864 4105 tenebo.
881 4045 956 4104 Alia
971 4045 1042 4104 vita
1058 4043 1141 4103 mihi
1158 4043 1271 4119 ignota
1287 4049 1351 4120 est,
1376 4043 1417 4104 de
1440 4060 1506 4120 qua
1523 4051 1633 4105 tamen
1656 4041 1772 4106 nescio

232 4169 247 4206 s
266 4164 349 4225 quas
369 4149 592 4208 tabulationes
608 4147 717 4208 audio.
737 4164 753 4204 r
773 4147 864 4218 Quae
880 4161 956 4206 oum
975 4146 1127 4221 dixisset,
1142 4145 1314 4222 praedicta
1331 4146 1431 4207 arbor
1443 4147 1606 4210 radicitus
1618 4148 1719 4222 aruit,
1736 4153 1771 4206 et

230 4255 261 4312 in
278 4251 468 4330 praedictas
485 4250 641 4310 tenebras
658 4250 798 4324 corruit,
817 4265 856 4310 ae
872 4249 989 4309 eadem
1006 4249 1116 4325 imago
1133 4264 1210 4308 cum
1227 4249 1283 4309 illa
1300 4250 1430 4311 cecidit.

979 4457 1018 4518 ΙΙ.

723 4669 928 4746 Responsum
952 4668 1072 4729 amoris
1096 4669 1255 4730 coelestis.

269 4879 322 4939 ll.
339 4880 378 4939 Et
394 4879 435 4938 de
451 4877 604 4955 praelata
622 4877 755 4938 turbida
771 4876 858 4936 nube
876 4874 989 4936 audivi
1014 4891 1132 4937 vocem
1149 4877 1227 4938 huic
1244 4877 1381 4954 imagini
1398 4878 1661 4955 respondentem:
1682 4898 1697 4938 a
1717 4879 1766 4942 Tu

224 5000 240 5041 r
260 4985 294 5043 in
310 4999 429 5059 magna
446 4983 591 5043 stultitia
615 4998 663 5057 ee,
690 4980 779 5058 quod
798 4982 830 5040 in
849 4979 964 5042 lavilla
987 4982 1112 5041 cineris
1130 4982 1234 5042 vitam
1251 4981 1374 5044 babere
1391 4986 1503 5061 cupio,
1528 5000 1589 5045 nec
1606 4986 1709 5045 vitam
1727 4985 1766 5044 il-

262 5133 283 5198 Ι)
297 5131 445 5192 amanen.
461 5131 506 5186 W.
981 5135 986 5199 Ι
1017 5133 1041 5199 ²)
1056 5135 1153 5189 vitium
1165 5134 1198 5192 Α.
