3998 6100
728 579 850 628 tinen
878 577 978 627 viria
1006 577 1240 626 usarronun
1413 553 1419 566 ⁸
1700 565 1721 626 9

202 692 230 756 ti
248 689 383 756 easdem
400 692 506 756 nubes
524 693 747 756 sustinebant.
772 696 835 757 Sed
858 703 981 757 ventus
1006 697 1138 772 igneam
1156 697 1278 758 nubem
1296 711 1398 773 super
1415 711 1452 756 se
1469 695 1596 758 babens
1618 705 1694 758 ante
1712 697 1759 758 ia·

201 799 290 859 ciem
306 799 459 876 ejusdem
474 800 542 860 viri
558 801 831 876 permansit3alii
849 808 961 862 autern
978 802 1044 861 duo
1062 817 1138 860 cum
1155 801 1300 862 nubibus
1318 801 1391 861 suis
1408 800 1449 862 ad
1467 807 1585 878 pectus
1602 803 1676 878 ejus
1698 803 1755 864 de-

201 905 419 981 scendebant,
437 909 472 966 et
488 906 536 966 ibi
553 906 653 966 ssatus
669 923 750 966 suos
767 907 1008 984 expandebant3
1028 907 1087 966 sed
1103 913 1224 966 ventus
1241 907 1299 982 qui
1316 912 1393 976 ante
1412 907 1532 970 faciem
1551 910 1626 986 eius
1633 905 1656 990 ¹)
1682 926 1757 987 per·

201 1017 374 1071 manserat
389 1025 467 1072 cum
483 1011 570 1071 nube
588 1027 661 1086 sua,
681 1027 717 1072 se
735 1012 777 1072 ab
794 1011 929 1072 Oriente
947 1013 988 1072 ad
1008 1014 1168 1072 Austrum
1184 1011 1353 1088 expandit.

245 1113 688 1194 t.1ttinnaepraeuicta²)
716 1117 812 1192 ignea
835 1118 934 1191 nube,
953 1119 1071 1194 vivens
1091 1117 1187 1191 ignea
1207 1116 1385 1176 multitudo
1403 1122 1487 1192 erat,
1506 1117 1563 1194 qui
1580 1131 1697 1178 omnes
1721 1117 1756 1178 in

202 1231 270 1276 una
284 1216 458 1277 voluntate
474 1223 508 1278 et
526 1219 559 1277 in
572 1233 638 1276 una
651 1217 887 1293 conjunctione
901 1222 970 1277 vita
984 1235 1049 1278 una
1068 1218 1212 1278 luerunt.
1227 1218 1268 1277 Et
1279 1233 1394 1290 cosam
1409 1219 1493 1295 lpsis
1506 1219 1620 1280 tabula
1637 1221 1755 1296 pennis

204 1321 352 1400 undique
368 1322 466 1398 plena
484 1321 547 1384 luit
564 1337 722 1399 expansa,
741 1337 827 1400 quae
844 1324 877 1383 in
893 1325 1084 1400 praeceptis
1101 1323 1161 1382 Dei
1176 1323 1315 1382 volavit.
1334 1323 1418 1384 Cum
1442 1323 1551 1400 ipsam
1575 1331 1755 1402 praecepta

74 1497 81 1506 ,
201 1423 263 1486 Dei
278 1425 468 1502 elevabant,
486 1427 521 1488 in
536 1444 603 1505 qua
620 1429 762 1488 scientia
774 1428 833 1488 Dei
851 1428 1016 1506 quaedam
1029 1443 1152 1488 arcana
1164 1427 1361 1503 scripserat,
1376 1443 1462 1503 quae
1479 1429 1658 1490 multitudo
1672 1429 1755 1494 baec

202 1528 316 1588 studio
333 1545 399 1590 uno
416 1529 627 1607 inspiciebat.
647 1531 796 1608 Cumque
813 1532 930 1592 eadem
947 1532 1075 1608 scripta
1093 1531 1309 1606 inspicerent,
1328 1531 1438 1590 virtus
1453 1529 1513 1590 Dei
1531 1530 1615 1607 ipsis
1638 1531 1752 1608 dabat,

200 1631 291 1708 quod
310 1632 401 1693 velut
418 1633 606 1696 fortissima
622 1635 715 1711 tuba,
734 1636 874 1696 inomni
891 1651 1012 1712 genere
1029 1635 1236 1695 musicorum
1254 1651 1320 1696 uno
1339 1650 1421 1694 sono
1439 1633 1651 1694 resonabant.

247 1733 278 1795 5.
297 1733 422 1796 Ventus
440 1741 553 1797 autem
570 1739 627 1814 qui
644 1738 852 1814 praedictam
868 1737 1038 1798 turbidam
1053 1738 1176 1798 nubem
1195 1753 1297 1813 super
1314 1751 1351 1796 se
1369 1735 1526 1812 habebat,
1546 1751 1620 1796 eam
1639 1752 1754 1803 secum

200 1837 244 1898 ab
260 1839 384 1900 Austro
401 1840 443 1900 ad
463 1840 676 1902 Occidentem
692 1842 902 1918 extendebat,
923 1843 970 1904 ita
981 1842 1071 1918 quod
1089 1841 1261 1917 longitudo
1275 1857 1316 1901 ac
1333 1841 1474 1902 latitudo
1489 1841 1638 1917 eiusdem
1655 1843 1754 1906 uubis

203 1943 296 2004 velut
312 1944 424 2020 platea
443 1951 527 2022 erat,
546 1961 632 2022 quae
649 1961 730 2022 prae
754 1947 974 2023 amplitudine
998 1963 1060 2006 sua
1084 1946 1229 2006 humano
1254 1945 1427 2006 intellectu
1444 1946 1519 2022 capi
1542 1963 1608 2006 non
1631 1953 1753 2024 potest.

203 2047 241 2106 ln
255 2047 372 2108 eadem
389 2054 502 2110 autem
517 2051 617 2125 nube,
635 2053 780 2112 maxima
796 2049 976 2111 multitudo
994 2050 1170 2111 beatorum
1189 2049 1262 2123 luit,
1280 2050 1339 2126 qui
1355 2066 1472 2112 omnes
1488 2052 1646 2128 spiritum
1662 2055 1753 2115 vitae

203 2151 381 2229 habebant,
400 2160 434 2214 et
450 2169 535 2232 quos
551 2171 649 2215 nemo
665 2155 878 2215 dinumerare
894 2159 1036 2230 poterat.
1053 2154 1094 2215 Et
1110 2169 1211 2215 voces
1228 2169 1345 2214 eorum
1361 2159 1458 2216 eraut
1473 2161 1511 2214 ut
1527 2171 1630 2216 sonus
1653 2174 1755 2235 aqua-

205 2271 280 2315 rum
297 2256 492 2332 multarum,
510 2263 544 2318 et
558 2257 723 2318 dixerunt:
744 2277 760 2316 r
776 2257 976 2318 Habitacula
992 2257 1176 2317 secundum
1189 2257 1351 2333 placitum
1364 2257 1578 2332 productoris
1591 2263 1682 2322 venti
1696 2261 1756 2322 hu-

206 2372 222 2414 »
239 2357 296 2434 J'us
312 2358 485 2423 babemus.
502 2361 543 2420 Et
559 2362 692 2439 quando
709 2363 768 2422 illa
785 2362 1004 2439 recipiemus?
1027 2361 1110 2422 Nam
1127 2362 1157 2421 si
1173 2376 1213 2421 ea
1229 2361 1406 2423 nobiscum
1430 2361 1649 2440 haberemus,
1674 2368 1751 2444 plus

206 2479 221 2518 a
241 2477 343 2539 quam
359 2479 447 2524 nune
465 2465 701 2541 gauderemus.
721 2483 737 2524 a

248 2565 278 2630 6.
296 2565 359 2630 Sed
375 2572 549 2648 praedicta
565 2573 757 2648 multitudo,
772 2588 858 2649 quae
874 2572 906 2631 in
924 2571 1097 2649 praedicta
1113 2569 1200 2632 nube
1218 2571 1315 2646 ignea
1330 2577 1415 2646 erat,
1432 2571 1509 2633 istis
1527 2572 1561 2633 in
1572 2589 1655 2636 voce
1667 2577 1757 2653 psal·

200 2669 339 2734 lentium
356 2673 611 2751 responderunt,
629 2676 798 2736 dieentes:
827 2695 842 2735 a
865 2675 949 2736 Cum
972 2675 1139 2736 Divinitas
1161 2675 1278 2735 tubam
1302 2691 1399 2736 suam
1422 2677 1591 2752 tetigerit,
1618 2678 1752 2756 fulgura

201 2795 217 2834 ι
237 2761 276 2838 ac
289 2779 438 2839 tonitrua
450 2796 489 2840 ao
502 2780 675 2841 ardentem
689 2782 799 2856 ignem
813 2781 846 2839 in
860 2786 985 2839 terram
998 2780 1140 2854 emittet;
1152 2795 1191 2838 ac
1204 2780 1306 2839 otiam
1320 2781 1430 2854 ignem
1445 2780 1549 2856 illum,
1561 2783 1618 2858 qui
1632 2784 1750 2844 intrin-

204 2895 340 2939 »secus
358 2881 389 2940 in
415 2882 486 2942 sole
503 2891 566 2958 est,
585 2887 710 2958 tanget,
730 2883 777 2943 ita
795 2883 883 2958 quod
908 2883 1017 2943 omnis
1042 2888 1132 2941 terra
1156 2883 1434 2956 commovebitur;
1461 2883 1550 2959 quod
1575 2885 1651 2960 erit,
1677 2902 1754 2948 cum

208 2997 224 3036 »
243 2980 331 3041 Deus
349 2983 445 3059 signa
462 3001 523 3044 sua
540 3000 660 3060 magno
677 2984 855 3044 ostendere
872 2984 1027 3043 voluerit.
1045 2983 1085 3043 Et
1102 2988 1181 3042 tunc
1199 2983 1231 3042 iu
1249 2983 1329 3042 tuba
1347 2985 1405 3044 illa
1423 2985 1577 3046 omnibus
1595 2987 1751 3049 tribubus
1793 2959 1800 2974 ⁹

207 3101 222 3140 a
244 3089 353 3144 terrae
370 3101 409 3145 ex
426 3087 583 3147 omnibus
601 3088 781 3163 generibus
797 3087 988 3161 linguarum
1006 3086 1176 3160 clamabit,
1195 3091 1228 3145 et
1245 3085 1401 3146 omnibus
1414 3087 1471 3163 qui
1490 3087 1523 3146 in
1539 3087 1656 3148 eadem
1672 3091 1753 3152 tuba

213 3204 230 3242 a
251 3188 369 3264 scripti
387 3197 476 3266 sunt,
494 3197 529 3250 et
544 3191 600 3251 bie
616 3191 808 3251 habitacula
825 3196 940 3250 vestra
956 3191 1137 3266 recipietis.
1157 3207 1173 3247 a

251 3291 280 3353 7.
297 3293 337 3353 Et
352 3301 474 3355 ventus
492 3312 594 3373 super
611 3312 710 3373 quem
727 3295 879 3372 praefata
900 3295 1010 3355 lucide
1027 3294 1133 3354 nubes
1149 3299 1233 3368 erat,
1252 3310 1328 3354 cum
1344 3295 1461 3355 eadem
1479 3297 1589 3357 lucida
1605 3299 1693 3360 nube
1710 3301 1752 3362 ab

205 3393 340 3457 Oriente
357 3397 399 3457 ad
416 3397 680 3475 Septentrionem
698 3415 735 3458 se
752 3397 917 3459 dilatavit.
936 3397 998 3457 Sed
1016 3399 1180 3457 maximae
1204 3398 1374 3472 tenebrae,
1400 3401 1506 3460 multa
1529 3401 1696 3464 densitate
1719 3411 1754 3464 et

203 3496 355 3574 horrore,
374 3501 416 3560 ab
432 3501 612 3562 Occidente
628 3503 812 3575 venientes,
832 3502 926 3562 seed
944 3495 1096 3561 eamdem
1113 3500 1259 3562 lucidam
1274 3501 1396 3560 nubem
1420 3504 1661 3578 expandebant.
1687 3505 1750 3567 Sed

201 3605 312 3660 tamen
327 3617 408 3678 prae
424 3603 535 3664 lucida
558 3605 645 3664 nube
662 3605 720 3664 illa
745 3604 833 3665 ultra
857 3604 1040 3680 procedere
1063 3619 1129 3662 non
1153 3609 1345 3680 potuerunt.
1371 3605 1407 3664 ln
1426 3604 1484 3666 illa
1502 3613 1614 3666 autem
1638 3609 1750 3670 lucide

203 3705 290 3766 nube
306 3709 358 3767 sol
375 3713 409 3768 et
426 3709 504 3769 luna
521 3714 758 3786 apparuerunt.
775 3709 816 3768 Et
833 3709 865 3768 in
882 3708 953 3768 sole
970 3709 1021 3768 leo
1038 3714 1124 3780 erat,
1149 3713 1183 3766 et
1199 3707 1233 3767 in
1249 3708 1328 3768 luna
1351 3708 1580 3783 capricornus.
1605 3711 1645 3770 Et
1661 3711 1750 3774 idem

199 3809 250 3869 sol
267 3827 370 3888 supra
385 3815 516 3874 coelum
532 3819 566 3873 et
582 3815 616 3873 in
632 3815 737 3886 coelo,
763 3829 803 3872 ac
820 3813 853 3872 in
869 3819 960 3872 terro
984 3818 1018 3870 et
1042 3813 1162 3871 subtus
1179 3817 1305 3870 terram
1322 3811 1466 3884 lucebat,
1493 3819 1526 3872 et
1544 3812 1594 3872 sic
1611 3830 1747 3890 proces·

202 3912 247 3972 sit
263 3916 413 3991 oriendo,
430 3923 465 3976 et
482 3916 613 3978 redibat
629 3917 835 3976 declinando.
854 3915 916 3974 Sed
934 3931 1010 3974 cum
1028 3914 1115 3974 idem
1132 3915 1183 3974 sol
1200 3913 1411 3990 procederet,
1430 3909 1514 3993 leo³)
1540 3932 1616 3976 cum
1641 3918 1698 3978 illo
1715 3927 1750 3980 et

201 4015 234 4076 in
248 4017 305 4078 illo
322 4023 499 4096 processit,
526 4037 566 4082 ac
589 4023 695 4082 multa
720 4021 828 4098 spolia
851 4021 1003 4096 diripuit;
1029 4026 1063 4080 et
1080 4034 1157 4078 cum
1174 4019 1299 4078 rediret
1316 4020 1380 4094 leo,
1406 4035 1483 4080 cum
1508 4021 1566 4082 illo
1587 4029 1621 4082 et
1639 4023 1673 4085 in
1689 4025 1747 4088 illo

203 4123 344 4198 redibat,
363 4139 401 4184 ac
417 4139 498 4200 prae
514 4125 636 4201 gaudio
654 4127 778 4186 multos
796 4125 928 4199 rugitus
948 4122 1072 4182 emisit.
1097 4122 1189 4182 Luna
1213 4137 1357 4198 quoque,
1384 4123 1417 4182 in
1441 4139 1508 4200 qua
1532 4127 1751 4202 capricornus

203 4235 288 4304 erat,
310 4229 415 4290 solem
432 4231 466 4290 in
481 4231 692 4308 procedendo
709 4235 743 4290 et
760 4231 793 4290 in
814 4228 982 4290 redeundo
1000 4243 1076 4287 cum
1092 4227 1209 4288 eodem
1226 4228 1422 4304 capricorno
1445 4229 1609 4304 paulatim
1633 4247 1751 4309 seque-

204 4335 312 4396 batur.
331 4336 370 4394 Et
388 4335 476 4396 idem
492 4341 613 4396 ventus
631 4337 746 4397 ilatum
762 4335 865 4409 dedit,
884 4341 917 4394 et
933 4334 1027 4394 dixit:
1048 4351 1064 4392 a
1083 4333 1202 4395 Mulier
1219 4331 1286 4394 ieta
1303 4334 1423 4409 pariet,
1433 4329 1457 4413 ⁴)
1482 4339 1517 4394 et
1532 4339 1750 4412 capricornus

208 4459 225 4498 a
244 4446 361 4500 contro
377 4440 643 4517 Septentrionem
658 4441 831 4517 pugnabit.
851 4457 866 4496 a

241 4702 262 4766 ι)
276 4701 405 4776 ipcimA
422 4705 489 4769 Α)
501 4705 643 4777 praediea
655 4718 710 4759 um.
726 4701 759 4758 A.
776 4733 810 4741 -
822 4699 845 4768 ³)
858 4700 960 4756 Admo-
997 4714 1043 4754 me
1057 4704 1089 4755 ut
1103 4699 1198 4762 bomo.
1213 4722 1223 4749 ι
1241 4698 1370 4770 quicum
1386 4700 1480 4757 Verbo
1494 4700 1566 4758 etin
1580 4702 1752 4776 Verbopro·

207 4804 270 4843 vere
289 4788 323 4843 ad
340 4789 457 4845 classica
477 4789 525 4859 rei
538 4789 711 4861 symbolicae
731 4789 888 4856 nemiuem
903 4785 959 4841 sin·
997 4787 1082 4845 cedit.
1104 4812 1114 4837 ι
1132 4787 1204 4843 Tum
1225 4787 1274 4843 Sol
1291 4786 1422 4844 Christus
1434 4793 1488 4851 est,
1506 4803 1538 4844 ac
1558 4787 1679 4844 subinde
1695 4789 1748 4844 lu·

204 4877 284 4944 gulas
300 4875 482 4946 Hildegardis
496 4875 645 4946 imagines,
660 4875 820 4947 improbum
835 4889 906 4944 opus
918 4889 959 4928 es·
996 4893 1044 4938 ac,
1065 4875 1095 4931 iu
1114 4891 1170 4946 qvia
1183 4875 1377 4947 Capricornus,
1396 4874 1521 4930 Ecclesia
1535 4881 1579 4930 est
1591 4891 1655 4931 cum
1670 4876 1751 4945 signo

203 4966 257 5025 set,
278 4977 309 5018 ae
324 4963 492 5034 plerumque
509 4963 711 5020 frustraneum.
726 4961 783 5017 Sua
796 4957 873 5016 enim
887 4959 958 5026 lege.
997 4961 1148 5024 victoriae:
1170 4962 1209 5018 ita
1229 4962 1306 5018 euim
1325 4963 1396 5018 solet
1417 4961 1541 5030 intelligi
1554 4962 1749 5034 capricornus,

204 5063 256 5102 suo
272 5047 338 5119 jure
356 5047 451 5104 utitur
470 5049 550 5120 virgo
569 5047 697 5112 fatidica,
717 5053 746 5104 et
767 5053 823 5102 tam
843 5042 959 5099 insolita
996 5063 1081 5118 quem
1095 5047 1183 5104 luisse
1199 5047 1321 5116 Augusti
1341 5047 1546 5118 triumphantis
1559 5049 1684 5105 solemne
1697 5065 1755 5104 em-

204 5135 364 5206 speetaeula
382 5150 467 5206 quam
484 5151 555 5192 nova
570 5134 706 5191 vaticinia
719 5133 826 5191 condit.
842 5130 899 5187 Hic
914 5145 960 5184 ve·
996 5134 1100 5196 blema.
1119 5149 1203 5189 nemo
1223 5132 1323 5189 nescit.
1342 5131 1383 5188 Ol.
1401 5131 1475 5186 inira
1489 5147 1567 5188 num.
1584 5137 1629 5198 65,
1644 5137 1689 5198 66,
1704 5139 1749 5198 or.

205 5235 238 5274 ro
257 5219 306 5276 leo
323 5218 393 5275 satis
407 5225 502 5290 aperte
515 5226 558 5278 est
574 5221 626 5277 Leo
638 5222 671 5275 dc
683 5221 757 5276 tribu
770 5219 857 5284 Iuda,
873 5221 960 5277 maxi·
998 5221 1048 5276 lib.
1064 5219 1091 5275 li
1106 5237 1133 5275 u.
1150 5223 1195 5282 ab,
1210 5223 1255 5282 tlt,
1269 5223 1324 5274 etc.
1340 5251 1374 5260 —
1386 5218 1409 5284 ⁴)
1419 5222 1513 5292 peries
1524 5219 1571 5275 W.

1631 5320 1648 5356 a
