3998 6100
691 548 812 598 mean
838 549 937 598 vrrs
966 549 1198 598 aanrronun
1640 538 1680 598 at

168 667 361 734 incarnatus
384 667 443 732 Dei
467 665 582 746 Filius,
608 683 683 730 cum
707 671 823 731 eodem
847 665 870 750 ¹)
895 669 1057 745 incarne,
1082 675 1116 730 et
1133 670 1166 730 in
1189 668 1305 729 eodem
1324 669 1357 728 in
1373 667 1503 730 Deitate
1521 671 1723 734 mirabiliter

169 776 334 854 apparuit,
360 774 518 851 quoniam
542 789 645 834 unum
669 780 758 850 sunt;
784 789 824 834 ac
840 773 984 850 plurima
1000 773 1166 834 diabolica
1183 770 1271 832 lacta
1288 773 1456 849 contrivit,
1474 789 1550 834 cum
1569 775 1679 852 ipsum
1695 793 1717 838 a

169 880 322 942 lidelibus
347 877 418 940 suis
444 877 581 954 fugavit.
605 877 647 938 Et
669 893 746 938 cum
770 877 866 952 redit,
893 877 944 938 leo
968 892 1043 936 cum
1069 876 1126 937 illo
1147 876 1304 936 etinillo
1322 877 1420 952 redit,
1438 877 1517 953 quia
1534 879 1715 942 cumidem

171 983 338 1045 occultum
361 981 420 1042 Dei
445 980 642 1058 mysterium
662 979 821 1058 judiciale
846 980 1041 1056 mysterium
1063 986 1241 1057 promeret,
1258 980 1467 1040 incarnatum
1484 980 1543 1041 Dei
1560 981 1723 1060 Verbum,

169 1103 245 1148 cum
269 1087 326 1147 illo
350 1085 475 1159 exiens,
501 1092 536 1146 et
558 1084 593 1146 in
616 1085 674 1146 illo
697 1100 851 1158 manens,
876 1090 910 1144 et
927 1099 1030 1144 unum
1045 1100 1121 1144 cum
1139 1084 1195 1144 illo
1211 1084 1371 1159 existere,
1391 1085 1593 1161 malaopera
1610 1085 1723 1148 bomi·,

171 1205 249 1252 num
271 1188 489 1266 dijudicabat,
514 1203 591 1248 cum
607 1194 756 1248 veterem
775 1188 895 1263 Legem
911 1187 945 1247 in
961 1203 1082 1248 novam
1099 1187 1283 1262 transtulit;
1301 1202 1340 1247 ac
1356 1203 1437 1262 prae
1454 1188 1574 1264 gaudio
1592 1192 1725 1260 multos

173 1295 304 1370 rugitus
316 1292 451 1365 emittit,
469 1292 527 1352 ubi
544 1291 770 1368 triumphator
785 1307 845 1368 per
862 1291 1008 1366 rugitum
1025 1290 1179 1350 veritatis
1197 1291 1399 1367 baptismum
1416 1291 1450 1351 in
1468 1294 1724 1367 regeneratione

172 1397 311 1474 spiritns
327 1403 360 1457 et
377 1411 484 1473 aquae
500 1395 623 1456 docuit.

900 1603 990 1666 LVII.

489 1812 619 1874 Fideles
645 1813 812 1873 Christum
836 1813 989 1873 coelestia
1012 1811 1182 1872 docentem
1206 1817 1400 1889 sequuntur.

216 2022 267 2084 70.
293 2021 385 2095 Quod
408 2027 523 2082 autem
545 2021 635 2096 luna,
656 2021 690 2082 in
707 2035 774 2098 qua
790 2021 1006 2097 capricornus
1022 2027 1086 2096 est,
1105 2020 1210 2082 solem
1227 2021 1261 2080 in
1277 2020 1507 2097 praecedendo
1526 2028 1562 2083 et
1580 2023 1613 2084 in
1631 2039 1723 2086 rece·

173 2126 279 2189 dendo
303 2143 379 2188 cum
403 2125 519 2186 eodem
536 2124 731 2201 capricorno
747 2125 908 2202 paulatim
925 2124 1090 2200 sepelitur,
1109 2123 1171 2184 hoc
1187 2124 1345 2201 est·qu0d
1361 2123 1522 2200 Ecclesia,
1541 2130 1649 2188 morte
1666 2129 1723 2189 de-

175 2233 275 2306 uicta,
295 2228 492 2306 mysterium
507 2227 577 2304 Dei,
594 2227 779 2305 procedens
795 2228 838 2289 ad
855 2227 1020 2305 spiritalia
1036 2233 1071 2288 et
1083 2227 1215 2288 rediens
1232 2227 1273 2288 ad
1290 2227 1488 2303 saecularia,
1506 2245 1582 2290 cum
1601 2247 1723 2308 magna

175 2335 316 2397 victoria
341 2331 571 2410 subsequitur,
596 2332 752 2408 quoniam
777 2332 897 2393 Filium
920 2331 979 2391 Dei
1002 2330 1164 2392 coelestia
1186 2331 1359 2392 docentem
1384 2337 1511 2394 etcum
1528 2332 1722 2396 hominibus

173 2441 428 2500 conversantem
452 2436 567 2498 meles
591 2435 748 2510 omnibus
770 2436 879 2497 modis
901 2434 1073 2498 subsecuti
1091 2440 1179 2511 sunt,
1198 2451 1275 2498 cum
1290 2437 1391 2496 etiam
1409 2451 1531 2512 corpus
1548 2454 1608 2514 pro
1629 2437 1725 2498 Cbri-

172 2549 225 2604 sto
241 2541 284 2603 ad
301 2541 407 2601 multa
424 2540 589 2617 supplicia
604 2540 824 2602 tradiderunt.

892 2749 998 2813 tvm.

439 2958 563 3022 Fidelis
590 2959 756 3022 Christum
780 2977 917 3039 sequens
941 2978 1042 3039 opera
1065 2960 1277 3022 tenebrarum
1301 2963 1451 3023 conterit.

221 3167 274 3229 tl.
298 3165 390 3228 Unde
414 3166 501 3226 idem
518 3171 639 3228 ventus
656 3165 771 3226 ilatum
787 3162 812 3246 ¹)
829 3164 898 3242 dat,
916 3172 950 3226 et
966 3166 1057 3228 dicit:
1077 3186 1093 3225 a
1111 3167 1230 3227 Mulier
1247 3166 1314 3227 ieta
1330 3167 1451 3244 pariet,
1471 3185 1486 3224 a
1506 3172 1540 3228 et
1556 3169 1724 3245 capricor-

175 3287 238 3334 nus
254 3272 371 3332 contra
386 3269 651 3348 Septentrionem
666 3270 837 3348 pugnabit,
855 3270 934 3348 quia
948 3269 1081 3345 Justitia
1098 3286 1157 3348 per
1173 3271 1321 3332 divinam
1337 3271 1589 3348 inspirationem
1607 3278 1722 3332 osten-

175 3379 236 3452 dit,
254 3376 342 3454 quod
358 3375 506 3436 Ecclesia
523 3375 609 3436 bona
625 3381 658 3434 et
675 3381 791 3436 saneta
808 3391 909 3451 opera
926 3372 1064 3452 prolert,
1082 3391 1158 3436 cum
1175 3376 1299 3451 quibus
1315 3391 1436 3452 magna
1448 3375 1591 3436 victoria
1603 3376 1723 3438 Diabo-

177 3483 209 3540 lo
233 3485 395 3557 repugnat
417 3471 454 3559 ⁸),
480 3479 638 3556 quoniam
662 3479 805 3556 quisque
829 3479 937 3540 tidelis
962 3477 1111 3556 seipsum
1135 3486 1362 3555 contemnens,
1385 3485 1419 3540 et
1436 3479 1580 3554 vestigia
1596 3480 1722 3541 Christi

175 3585 398 3662 subsequens,
414 3599 516 3661 opera
534 3583 744 3644 tenebrarum
763 3583 916 3658 conterit,
933 3589 967 3643 et
984 3599 1020 3644 se
1037 3583 1103 3644 Deo
1120 3583 1300 3660 conjungit.

886 3789 1006 3850 lit'lllt.

384 4002 523 4062 Arrianae
547 4019 568 4062 α
591 4004 743 4078 serpente
768 3999 920 4059 seductae
945 3997 1076 4075 colpam
1100 4015 1193 4058 suam
1218 3997 1308 4058 Adae
1332 3999 1517 4075 imponant.

223 4203 275 4274 72.
300 4210 338 4271 In
361 4209 522 4286 praelatis
538 4215 649 4269 autem
667 4207 827 4282 tenebris,
846 4205 1098 4266 innumerabilis
1116 4205 1212 4266 turba
1228 4206 1433 4281 perditarum
1453 4206 1639 4266 animarum
1656 4213 1720 4282 est,

178 4327 262 4393 quae
286 4333 304 4374 a
329 4330 411 4374 sono
435 4314 568 4374 illorum
594 4314 625 4372 in
642 4313 764 4372 Austro
781 4311 970 4370 canentium
985 4310 1244 4384 declinaverant,
1262 4310 1420 4385 quoniam
1437 4311 1607 4370 consortia
1623 4305 1647 4389 ⁴)
1667 4327 1724 4370 eo-

180 4431 252 4480 rum
275 4419 447 4493 nolebant,
473 4433 615 4494 quorum
638 4417 704 4476 dux
728 4415 884 4476 seductor
907 4414 1095 4490 appellatus
1119 4419 1188 4488 est,
1213 4413 1293 4490 quia
1312 4429 1413 4489 opera
1430 4413 1503 4488 ejus
1521 4407 1721 4498 [serpentis]

179 4529 267 4598 sunt,
292 4523 350 4599 qui
374 4539 394 4582 a
418 4521 552 4584 Christo
576 4536 770 4598 percussus,
796 4520 884 4579 ultra
906 4518 1083 4594 quicquam
1101 4533 1167 4577 non
1183 4519 1282 4592 valet;
1301 4517 1457 4593 quoniam
1476 4519 1508 4576 in
1527 4516 1722 4578 infidelitate

181 4626 391 4688 infernalium
418 4642 599 4702 poenarum
627 4625 791 4702 plurimae
818 4623 949 4684 animae
973 4626 1069 4696 sunt,
1095 4637 1180 4699 quae
1203 4622 1307 4682 verba
1331 4637 1552 4697 supernorum
1576 4621 1719 4694 civium,

179 4731 257 4793 dum
281 4731 315 4791 in
331 4747 432 4792 carna
448 4737 573 4807 essent,
592 4729 858 4804 contemnebant,
875 4741 936 4787 nec
953 4726 1147 4788 societatem
1164 4727 1300 4787 illorum
1316 4727 1350 4786 in
1366 4726 1462 4786 bonis
1479 4731 1512 4786 et
1526 4725 1628 4801 justis
1645 4739 1724 4799 ope-

181 4835 273 4898 ribus
296 4835 544 4912 desiderabant,
570 4836 628 4898 sed
654 4849 787 4912 semper
810 4839 845 4894 et
866 4847 1000 4908 semper
1016 4829 1058 4891 ad
1074 4831 1199 4892 malum
1216 4830 1427 4905 anhelabant;
1446 4830 1531 4890 unde
1547 4829 1723 4905 antiquum

182 4945 371 5018 serpentem
389 4937 551 5018 imitatae,
568 4940 627 5019 qui
644 4959 663 5001 a
678 4939 763 5001 Filio
777 4937 837 4999 Dei
854 4935 1020 4998 contritus
1037 4935 1176 5011 interiit,
1195 4952 1271 4996 cum
1288 4936 1360 5012 ipso
1377 4935 1410 4995 in
1427 4933 1622 4996 infelicitate
1636 4949 1724 4994 mor-

215 5107 236 5174 Ι)
246 5127 307 5165 eum
315 5109 414 5175 eodem,
424 5107 809 5182 idestmysteriaineomeb.
819 5105 931 5163 Transi·
967 5108 1056 5162 sterio.
1072 5103 1169 5173 Pergit
1182 5104 1214 5160 A:
1230 5111 1254 5160 et
1267 5108 1297 5162 in
1313 5106 1401 5162 eodem
1413 5107 1444 5162 in
1461 5104 1574 5160 Ballou.
1590 5135 1623 5144 —
1636 5103 1658 5168 ’l
1671 5105 1722 5175 flo-

184 5191 223 5249 rit
236 5196 264 5250 in
278 5200 386 5251 tontum
397 5196 533 5266 quaedam
544 5195 680 5265 marginis
690 5195 780 5264 glossa
791 5196 822 5250 id
831 5199 868 5249 eat
877 5211 932 5264 my·
968 5201 1012 5252 tar
1024 5193 1070 5250 W.
1087 5225 1119 5234 -
1132 5193 1155 5260 8)
1167 5197 1310 5266 imponant
1322 5191 1355 5248 Α.
1371 5223 1405 5234 -
1417 5192 1439 5260 4)
1451 5196 1614 5248 consortium
1626 5189 1660 5246 Α.
