3992 6092
726 567 846 614 urens
872 568 971 616 virm
999 567 1232 618 uenrronon
1675 553 1717 616 69

206 703 223 744 s
244 687 376 754 faciam.
395 689 477 752 Cum
494 703 554 752 cor
570 701 681 752 meum
698 687 855 764 laetatur,
879 704 941 750 our
957 689 1052 750 illum
1076 689 1193 764 ligem‘l
1209 689 1249 750 Et
1263 704 1341 750 cum
1364 705 1468 750 venae
1485 704 1579 750 nicae
1597 690 1752 765 jucundi-

200 806 219 848 »
239 796 308 850 tate
324 790 443 867 plenae
461 795 551 864 sunt,
565 803 627 849 cur
642 805 701 850 eas
720 789 881 854 inoIdam‘I
892 790 932 854 Et
944 806 1021 850 cum
1036 791 1127 867 loqui
1141 791 1247 854 sciam
1259 783 1295 870 ¹),
1310 806 1372 851 cur
1385 789 1532 850 taceam?
1543 790 1626 854 Nam
1639 793 1749 856 omnis

199 910 217 950 n
238 900 349 956 motus
366 895 519 972 corporis
534 894 601 957 mei
617 894 710 956 salus
727 910 801 956 mea
817 896 881 970 eet,
897 901 933 954 et
948 893 1115 971 quomodo
1133 899 1247 955 creata
1263 910 1356 969 sum,
1376 895 1425 956 sic
1443 891 1540 956 focio.
1557 893 1599 956 Et
1615 909 1678 956 cur
1692 910 1747 958 me

200 1013 218 1053 s
238 997 273 1056 in
288 997 378 1060 aliud
396 1003 561 1060 mutarem
578 1013 681 1074 quam
698 997 731 1058 in
749 997 830 1060 illud
852 997 941 1075 quod
958 999 1051 1062 sum‘l
1073 999 1297 1075 Unaquaeque
1313 1003 1468 1061 creatura
1492 997 1675 1062 secundum
1690 1014 1749 1058 na-

202 1105 347 1162 »toram
375 1118 470 1168 suam
495 1102 631 1176 crescit,
655 1107 689 1162 et
714 1102 895 1166 secundum
921 1103 986 1164 hoc
1009 1102 1097 1180 quod
1119 1102 1185 1164 sibi
1201 1103 1367 1178 congruit,
1386 1103 1435 1164 stc
1460 1081 1552 1178 'sacia
1571 1103 1618 1164 ita
1633 1107 1669 1164 et
1684 1117 1750 1178 ego

203 1220 219 1261 1
241 1203 410 1266 teclam.»

924 1307 1028 1374 XIIII.

744 1523 951 1600 Responsum
980 1523 1200 1588 discretionis,

243 1728 297 1790 22.
320 1727 360 1792 Et
377 1728 501 1792 lterum
523 1728 565 1790 dc
581 1727 732 1806 praelata
749 1729 884 1792 turbida
907 1729 993 1794 nube
1011 1730 1124 1795 audivi
1148 1746 1265 1794 vocem
1282 1729 1360 1794 huic
1385 1729 1521 1806 imagini
1545 1744 1744 1805 responsum

198 1828 344 1894 dantem:
361 1849 376 1890 1
392 1831 417 1892 0
431 1833 636 1909 speculatrix
649 1833 860 1911 insidiarum,
873 1850 933 1910 per
949 1835 1090 1898 insidias
1107 1841 1183 1898 tuas
1199 1835 1310 1900 omnia
1323 1851 1409 1911 quae
1425 1835 1459 1894 in
1475 1832 1702 1896 rationalitate
1716 1829 1743 1910 ⁷)

197 1949 213 1990 s
234 1933 373 1996 honesta
398 1942 486 2011 sunt,
505 1938 650 2014 mordes,
669 1939 748 2014 quia
765 1939 886 1998 catulis
902 1938 1088 2000 bestiarum
1104 1940 1163 2016 qui
1184 1939 1311 2000 nullam
1328 1939 1590 2000 moderationem
1606 1936 1741 2012 habent,

196 2057 213 2096 s
233 2039 448 2116 assimilaris,
466 2047 499 2100 et
516 2048 553 2101 ut
576 2041 783 2102 immundum
801 2043 923 2102 animal
941 2042 1035 2106 lacis.
1053 2043 1170 2104 Omnia
1194 2043 1282 2103 enim
1298 2059 1384 2120 quae
1401 2044 1435 2103 in
1456 2041 1666 2102 institutione
1681 2037 1740 2098 Dei

196 2159 214 2199 1
233 2147 322 2217 sunt,
342 2143 407 2204 sibi
425 2144 567 2205 invicem
584 2162 781 2223 responsum
799 2147 888 2208 dant.
906 2147 1028 2210 Stellae
1041 2149 1129 2207 enim
1145 2147 1186 2208 de
1203 2148 1276 2207 luce
1290 2148 1388 2208 lunae
1404 2152 1596 2222 coruscant,
1610 2152 1644 2207 et
1661 2147 1741 2205 luna

195 2263 212 2302 n
231 2245 273 2306 de
286 2248 361 2322 Igne
374 2248 458 2308 solis
472 2250 572 2324 lucet,
586 2256 620 2309 et
632 2252 744 2314 omnia
758 2251 943 2328 majoribus
958 2253 1029 2312 suis
1043 2252 1179 2312 subdita
1193 2253 1281 2326 sunt,
1296 2267 1357 2311 nec
1370 2250 1506 2311 modum
1520 2266 1619 2309 sunm
1631 2255 1745 2310 trans-

194 2364 211 2408 11
230 2348 438 2424 gradiuntur.
452 2353 501 2412 Tu
517 2360 630 2414 autem
643 2369 703 2413 neo
716 2353 833 2428 Deum,
848 2370 909 2416 neo
925 2361 1116 2419 creaturam
1129 2355 1202 2431 ejus
1220 2355 1371 2430 inspicis,
1386 2352 1444 2413 sed
1462 2353 1551 2413 siout
1564 2367 1671 2412 vacua
1682 2368 1741 2411 va·

194 2468 212 2510 n
231 2453 320 2528 gina,
339 2469 425 2530 quae
441 2473 461 2514 a
476 2462 576 2516 vento
593 2465 758 2533 movetur,
777 2458 827 2518 sIo
844 2458 981 2519 incedis.
998 2459 1067 2534 Ego
1085 2465 1196 2520 autem
1213 2459 1247 2518 in
1264 2458 1383 2517 itinere
1399 2457 1497 2516 lunae
1515 2471 1554 2514 ac
1571 2454 1605 2513 in
1622 2454 1740 2514 itinere

192 2573 211 2616 a
231 2558 315 2621 solis
331 2559 478 2636 ambulo,
493 2578 532 2622 ac
546 2577 679 2628 omnem
696 2563 942 2624 institutionem
956 2562 1016 2624 Dei
1035 2563 1188 2640 inspicio,
1207 2568 1241 2626 et
1258 2577 1334 2626 cum
1351 2561 1405 2622 his
1423 2559 1620 2625 inhonestis
1637 2559 1740 2620 mori-

192 2677 210 2719 »
230 2661 294 2724 bue
311 2677 439 2738 cresco,
457 2667 492 2723 et
507 2679 547 2727 ea
573 2665 606 2724 in
623 2663 788 2726 charitate
804 2666 949 2742 pleniter
962 2665 1147 2730 dinumero.
1165 2665 1248 2726 Nam
1266 2665 1299 2725 in
1315 2663 1440 2740 palatio
1463 2661 1563 2738 Regis
1580 2661 1737 2738 princeps

192 2777 315 2850 asum,
341 2769 376 2824 et
398 2766 511 2830 omnia
534 2772 666 2828 secreta
689 2767 763 2843 eius
780 2775 986 2846 perscrutor,
1012 2785 1073 2830 nec
1097 2769 1166 2828 ulla
1188 2769 1222 2836 in
1245 2768 1299 2829 hie
1322 2781 1431 2828 vacua
1449 2765 1595 2840 dimitto,
1620 2763 1678 2826 sed
1696 2779 1739 2828 ea

191 2883 208 2921 s
227 2866 484 2943 comprehendo,
503 2875 536 2929 et
552 2885 593 2930 ea
608 2870 722 2946 diligo,
741 2887 780 2932 ec
797 2888 872 2934 cum
889 2874 940 2934 eis
956 2880 993 2934 ut
1009 2873 1124 2936 radios
1146 2872 1229 2932 solis
1249 2871 1355 2933 luceo.
1373 2869 1422 2930 Tu
1438 2871 1549 2930 autom
1564 2869 1735 2930 laceratus

193 2987 209 3026 1
229 2970 367 3030 morbus
383 2964 407 3049 ²)
425 2973 459 3033 et
475 2972 620 3032 cadaver
635 2975 801 3036 vermium
817 2993 866 3036 es.
887 2995 903 3035 11

234 3072 288 3133 23.
313 3073 440 3134 Octava
455 3081 568 3138 autem
585 3077 694 3154 imago
713 3080 798 3139 turri
816 3081 1080 3156 assimilabatur,
1096 3097 1182 3158 quae
1201 3082 1234 3141 In
1253 3081 1474 3158 supremitate
1491 3095 1553 3138 sua
1570 3074 1739 3136 testitudi-

190 3193 266 3239 nem
283 3175 439 3253 habebat,
454 3179 488 3238 in
501 3195 567 3255 qua
581 3183 650 3241 tres
665 3181 831 3244 fenestrae
847 3191 953 3260 erant,
969 3187 1032 3246 sub
1045 3186 1168 3263 quibus
1181 3186 1246 3246 duo
1260 3185 1399 3247 brachia
1416 3182 1560 3244 hominis
1573 3194 1737 3256 apparue-

191 3287 281 3359 runt,
298 3298 442 3358 quorum
455 3299 574 3346 manus
591 3302 693 3366 super
708 3287 860 3350 eamdem
872 3289 1102 3354 testitudinem
1120 3291 1393 3353 extendebantur.
1406 3288 1447 3350 Et
1463 3285 1580 3348 eadem
1596 3281 1736 3348 brachia

191 3387 341 3448 tenebris
368 3389 466 3467 quasi
494 3390 635 3451 manicis
662 3391 873 3470 velabantur,
902 3397 935 3454 et
964 3409 1083 3456 manus
1111 3411 1227 3456 eorum
1251 3395 1371 3470 nudae,
1401 3391 1459 3453 sed
1484 3397 1595 3452 tamen
1619 3389 1735 3464 igneae

191 3493 337 3564 fuerunt.
1073 3494 1075 3500 '

932 3604 996 3666 xv,

691 3812 791 3874 Verba
811 3814 1012 3891 perditionis
1036 3817 1238 3876 animarum.

234 4018 287 4080 ll.
307 4018 348 4084 Et
364 4019 456 4088 dixit:
476 4039 492 4080 1
512 4020 603 4094 Quae
619 4022 739 4086 merita
754 4028 789 4084 ot
805 4039 906 4100 quarn
923 4024 1111 4090 mercedem
1128 4023 1275 4088 habebo?
1290 4023 1413 4100 Ignem.
1431 4021 1512 4084 Nam
1536 4035 1598 4095 ego
1613 4022 1648 4080 et
1664 4031 1735 4080 ma-

188 4139 206 4179 »
226 4120 368 4186 tartede
384 4125 567 4200 quaesivi,
584 4125 676 4186 aliud
692 4125 858 4190 nolumus.
875 4128 944 4204 Ego
956 4129 1045 4190 enim
1063 4129 1174 4193 omnia
1191 4128 1302 4190 lucida
1320 4126 1424 4204 ruglo,
1438 4141 1477 4190 ac
1493 4121 1603 4188 omnia
1621 4119 1732 4182 lucida

189 4242 207 4283 ›
225 4241 326 4302 opera
343 4228 440 4304 sequi
457 4244 588 4306 recuso,
606 4231 639 4292 et
654 4233 765 4295 omma
790 4239 985 4298 ornamenta
1002 4233 1188 4298 lucidorum
1213 4233 1302 4308 nolo,
1319 4233 1398 4310 quia
1414 4227 1589 4308 spoliatrix
1605 4225 1734 4289 anima*

189 4347 205 4386 1
225 4345 299 4390 rum
323 4348 408 4392 sum.
426 4333 508 4394 Nam
525 4332 589 4394 hoc
612 4351 697 4412 opus
713 4351 824 4402 meum
848 4343 912 4412 est,
930 4339 1089 4415 quoniam
1113 4339 1171 4398 ille
1188 4337 1237 4398 sio
1254 4338 1326 4399 vult
1348 4337 1471 4412 dequo
1488 4335 1561 4396 orta
1585 4347 1671 4404 eum,
1691 4345 1729 4390 ac

190 4450 207 4488 s
227 4434 417 4495 maledictio
436 4436 493 4496 illa
510 4453 596 4512 sum,
614 4455 714 4515 quam
734 4439 821 4500 idern
840 4441 927 4502 iecit.
948 4460 964 4500 »

636 4857 842 4934 Ilcspoasuna
867 4859 1057 4918 salvationis
1082 4861 1283 4919 animarum.

229 5060 284 5121 25.
308 5059 349 5122 Et
365 5062 487 5124 iterum
502 5063 542 5124 de
559 5065 731 5141 praedicta
748 5069 834 5130 nube
853 5069 987 5130 turbida
1008 5070 1121 5131 audivi
1145 5087 1262 5132 vocem
1279 5071 1357 5133 huic
1379 5067 1516 5144 imagini
1533 5077 1730 5141 responsum

220 5205 241 5276 ¹)
251 5213 308 5268 ⁸05⁰
320 5209 352 5268 Α·
369 5245 403 5255 -·
414 5217 437 5287 ²)
450 5235 520 5290 puae
533 5223 724 5282 rationalitate
736 5225 781 5282 W.
799 5257 832 5266 -
845 5225 867 5296 ³)
881 5228 1016 5285 tornatur
1029 5229 1148 5284 moribus
1159 5227 1193 5284 Α.
