3998 6100
290 482 333 545 18
864 501 890 548 s.
918 497 1189 552 ntunroneors

252 618 432 693 plicatione
447 609 470 698 ¹)
487 624 719 681 creaturarum
735 620 862 682 habuit.
876 621 917 682 Et
929 623 1016 684 idem
1033 624 1087 684 vir
1103 625 1136 685 in
1152 625 1289 701 antiquo
1307 626 1449 687 correilio
1466 627 1579 688 omnia
1596 625 1681 689 bona
1697 619 1803 706 plenia
1866 637 1870 645 ·

252 728 306 782 ter
320 725 507 800 constituit,
521 731 555 785 et
571 741 667 786 omne
683 725 872 788 aediticium
888 729 1052 789 virtutum
1066 731 1115 790 sic
1127 729 1307 806 ordinavit,
1322 731 1411 807 quod
1424 732 1578 792 vacuitas
1591 732 1625 792 in
1636 749 1676 792 eo
1687 727 1714 812 ¹)
1727 733 1801 792 nul-

252 826 284 886 la
310 827 492 903 invenitur3
518 829 605 889 unde
629 830 663 889 in
688 845 808 905 magna
832 831 1037 906 plenitudine
1062 839 1178 894 eontra
1196 833 1350 894 inimicos
1366 851 1447 895 suos
1463 836 1636 912 pugnavit,
1655 847 1798 912 quorum

248 931 381 994 viscera
409 933 566 1011 superbla
594 940 662 1009 cst,
691 949 777 1012 quae
801 935 897 1010 prius
921 937 1102 998 ascendere
1118 943 1237 1014 tentat,
1257 955 1357 1015 quam
1375 939 1501 999 scalam
1518 938 1642 1014 videat;
1661 944 1797 1014 atquae

247 1034 343 1110 prius
365 1036 469 1112 sedet,
492 1053 593 1114 quam
611 1037 708 1097 sedes
724 1043 880 1114 ponatur;
898 1045 932 1097 et
947 1039 1045 1115 cujus
1062 1057 1148 1118 opus
1163 1041 1276 1117 opinio
1291 1047 1356 1116 est,
1374 1057 1552 1118 quaecum
1569 1041 1740 1116 deiecerit,
1759 1040 1798 1100 il-

245 1136 277 1196 la
296 1137 330 1196 in
347 1139 519 1200 Interitum
535 1139 638 1200 radit.
656 1139 739 1200 Nam
762 1141 850 1201 idem
865 1143 928 1216 vir,
947 1142 980 1201 in
997 1142 1204 1217 plenitudine
1220 1143 1329 1204 virilis
1345 1145 1459 1220 operis
1476 1143 1541 1219 sui,
1559 1146 1727 1204 suscitavit
1744 1161 1796 1203 ue·

247 1239 329 1317 lum,
355 1242 486 1303 scilicet
511 1243 682 1302 ardentem
708 1243 817 1319 ignem
843 1244 876 1303 in
893 1243 1044 1320 angelico
1068 1247 1272 1322 ordinandi
1294 1252 1402 1307 totum
1419 1245 1551 1306 hostem
1567 1245 1699 1321 deiecit,
1716 1260 1794 1304 oum

246 1344 302 1404 ille
323 1347 473 1408 tenebris
490 1348 639 1408 malitiae
657 1363 737 1407 suae
754 1349 884 1407 coelum
902 1335 1098 1408 obnubilare
1113 1351 1231 1411 voluit.
1248 1351 1288 1410 Et
1305 1351 1354 1410 sic
1371 1351 1404 1410 in
1423 1348 1608 1409 fortissima
1625 1349 1659 1407 vi
1676 1347 1794 1408 volun-

244 1450 325 1510 tatIs
349 1449 421 1526 Dei,
441 1467 480 1510 ac
497 1452 531 1510 in
547 1451 668 1528 gaudio
685 1452 849 1512 victoriae
864 1452 1062 1512 vociferatio
1079 1458 1195 1512 exorta
1211 1459 1275 1529 est,
1293 1469 1370 1512 cum
1386 1453 1537 1528 angelica
1553 1451 1652 1512 turba
1667 1449 1793 1511 vocife-

244 1552 394 1629 rabatur,
411 1555 536 1614 dicens:
554 1573 569 1612 c
589 1554 669 1625 Quis
685 1558 739 1613 est
759 1553 881 1614 similis
896 1554 1013 1614 Deo‘l»
1032 1555 1068 1614 In
1083 1571 1149 1631 que
1165 1555 1268 1615 etiam
1283 1553 1534 1630 vociferatione,
1552 1552 1644 1612 velut
1659 1550 1794 1612 validus

241 1660 363 1716 ventus
376 1662 563 1732 ventorum,
579 1657 688 1717 omnis
701 1657 859 1718 coelestis
872 1658 994 1718 militIa
1006 1658 1166 1717 clamavit
1178 1657 1273 1718 illum
1286 1657 1460 1733 cecidisse,
1474 1663 1509 1716 et
1520 1655 1688 1732 gaudebat
1703 1653 1793 1731 quod

242 1761 361 1821 amodo
385 1762 512 1822 nullam
538 1763 668 1822 ruinam
692 1761 726 1820 in
750 1762 843 1820 coelo
864 1761 982 1821 visura
997 1766 1099 1822 esset.
1118 1760 1171 1822 Sic
1188 1760 1297 1822 hostis
1315 1761 1473 1836 antIquus
1491 1759 1689 1820 intenebris
1705 1757 1793 1817 ceci-

240 1863 301 1940 dit,
330 1865 440 1926 inanIs
468 1863 541 1924 luce
565 1868 599 1924 et
614 1863 736 1940 gaudio
760 1862 861 1940 vitae,
884 1879 923 1924 ac
946 1863 1140 1940 pharetram
1163 1869 1197 1924 et
1217 1863 1330 1942 jacula
1353 1880 1416 1924 sua
1439 1868 1557 1924 contra
1579 1861 1787 1922 voluntatem

240 1972 340 2049 huius
356 1971 572 2048 praeliatoris
588 1969 735 2046 collegit.

968 2073 1065 2136 XXII.

621 2277 709 2342 Deus
731 2283 856 2343 hostem
879 2280 1055 2356 oliliquum
1079 2279 1211 2338 omuino
1235 2278 1394 2340 destmtet.

248 2489 251 2495 “
279 2491 333 2555 ot.
350 2492 413 2554 Sed
431 2492 518 2552 idern
535 2491 601 2566 vir,
615 2471 680 2567 per
692 2487 783 2548 aliud
799 2503 885 2564 opus
901 2487 990 2564 quod
1006 2491 1167 2562 operatus
1182 2493 1246 2563 est,
1260 2487 1418 2548 videlicet
1430 2502 1490 2564 per
1502 2485 1670 2546 hominem
1682 2498 1783 2560 quem

235 2596 325 2673 iecit,
344 2611 446 2674 super
469 2593 623 2654 inimicos
648 2608 729 2652 suos
745 2591 956 2652 confortatus
972 2596 1038 2666 est,
1057 2591 1173 2667 inqua
1191 2591 1385 2652 fortitudine
1402 2596 1519 2652 contra
1532 2589 1644 2666 jacula
1661 2594 1695 2648 et
1713 2603 1785 2648 ma·

233 2701 341 2762 litiam
356 2693 381 2780 ⁸)
398 2698 506 2759 dolosi
524 2696 634 2758 hostis
646 2695 754 2755 denuo
770 2710 920 2771 pugnare
937 2696 1057 2770 coepit.
1073 2695 1176 2756 Cuius
1192 2696 1312 2772 praelii
1331 2716 1346 2755 c
1362 2695 1518 2768 Verbum,
1532 2692 1620 2770 quod
1636 2708 1715 2752 caro
1734 2689 1782 2752 la-

232 2809 324 2864 otum
340 2808 437 2878 est‚›
463 2800 625 2860 vexillum
648 2797 767 2858 deinde
782 2798 942 2875 portabit,
967 2805 1002 2858 et
1025 2797 1109 2858 haec
1132 2815 1242 2876 pugna
1260 2799 1310 2859 sic
1326 2799 1472 2873 durabit,
1498 2797 1603 2856 donee
1619 2811 1780 2855 numerus

235 2910 394 2984 fratrum,
421 2907 551 2967 scilicet
567 2905 757 2979 beatorum,
778 2903 967 2981 impleatur.
984 2905 1066 2964 Nam
1087 2904 1272 2966 IortIssima
1290 2921 1401 2981 pugna
1419 2903 1505 2964 idem
1521 2904 1574 2962 vir
1590 2918 1666 2962 oum
1683 2900 1781 2960 hoste

233 3018 299 3077 isto
317 3015 439 3076 iterum
454 3011 686 3088 praeliabitur,
704 3009 792 3070 elcut
808 3009 903 3086 prius
923 3011 956 3070 in
972 3011 1066 3070 coelo
1084 3026 1160 3070 cum
1176 3023 1214 3070 eo
1231 3010 1405 3086 pugnavit
1424 3025 1555 3069 acaum
1572 3009 1705 3069 omnino
1723 3006 1780 3066 de·

231 3126 352 3196 struet,
377 3118 536 3197 quoniam
562 3117 595 3176 in
618 3115 688 3177 otio
711 3119 926 3191 peccatorum
951 3117 1058 3190 stetit,
1080 3120 1115 3175 et
1132 3116 1290 3192 quoniam
1308 3115 1341 3174 in
1355 3119 1524 3190 potestate
1540 3114 1645 3172 totius
1661 3110 1728 3172 doli
1744 3115 1780 3169 et

230 3225 381 3286 malitiae
404 3221 501 3282 sedit.
526 3219 589 3281 Sed
613 3219 671 3297 qui
696 3218 759 3279 hoc
777 3217 888 3280 lacere
904 3219 1023 3295 noluit,
1039 3219 1160 3280 beatus
1176 3223 1242 3296 est,
1260 3219 1307 3279 ita
1323 3219 1412 3295 quod
1429 3217 1602 3278 beatitudo
1619 3216 1693 3292 eius
1710 3229 1777 3275 non

229 3329 372 3392 deliciet.

942 3425 1053 3487 XXIII.

619 3636 720 3697 Homo
744 3633 824 3714 quid
846 3639 924 3694 aute
947 3650 1024 3693 eum
1047 3639 1079 3693 et
1102 3634 1221 3712 futura
1243 3637 1382 3712 lquorat.

269 3849 324 3909 35.
340 3844 380 3908 Et
396 3845 547 3922 ejusdem
568 3841 634 3901 viri
650 3840 838 3917 proceritas
854 3845 947 3900 tanta
963 3845 1028 3913 est,
1045 3838 1135 3916 quod
1151 3857 1171 3900 a
1186 3839 1350 3916 principio
1367 3844 1599 3898 ereaturarum
1615 3847 1721 3911 usque
1738 3833 1773 3892 in

226 3954 324 4015 hnem
349 3950 475 4011 saeculi
499 3945 700 4020 extenditur,
726 3944 884 4020 quoniam
908 3943 1009 4004 homo
1024 3939 1061 4023 ⁴),
1079 3959 1118 4004 ex
1135 3959 1201 4021 quo
1221 3943 1330 4004 faetus
1346 3949 1399 4003 est
1417 3957 1524 4020 usque
1542 3940 1583 4002 ad
1604 3938 1772 3999 deiectum

225 4071 335 4128 suum,
360 4053 452 4130 loqui
476 4045 625 4127 poterit?
636 4047 721 4119 Quid
745 4051 857 4107 eutem
882 4053 1063 4122 antaeum,
1082 4047 1136 4107 vel
1153 4045 1232 4123 quid
1248 4052 1326 4123 post
1343 4063 1421 4107 eum
1440 4045 1588 4106 futurum
1606 4044 1661 4118 sit,
1680 4042 1772 4116 igno-

224 4163 286 4218 ret.
303 4153 386 4216 Nam
402 4152 491 4212 Deus
507 4166 568 4211 nec
586 4150 716 4210 initium
732 4164 794 4208 uec
810 4149 909 4208 ilnem
926 4149 1037 4210 hahet.

930 4353 1057 4414 XXIIH.

544 4562 631 4636 Qttid
643 4567 721 4620 orate
735 4562 946 4638 principium
961 4560 1081 4620 muudi
1096 4563 1216 4641 fuerit,
1235 4563 1324 4622 Deus
1341 4563 1442 4622 uouit.

262 4775 316 4838 36.
340 4773 432 4836 Unde
458 4771 545 4832 idem
565 4770 619 4830 vir
636 4770 677 4831 ab
694 4769 844 4831 humeris
861 4769 933 4830 suis
951 4785 1087 4830 sursum
1104 4785 1207 4846 supra
1222 4771 1328 4832 nubes
1346 4772 1379 4831 in
1396 4770 1613 4832 serenissimo
1630 4768 1766 4830 aethere

216 4887 280 4955 est,
306 4879 464 4956 quoniam
480 4875 560 4953 quid
578 4881 654 4935 ante
671 4875 872 4952 principium
888 4875 1003 4935 mundi
1021 4873 1134 4951 fuerit,
1153 4876 1225 4952 ipse
1242 4877 1336 4937 solus
1353 4878 1386 4937 in
1403 4883 1533 4939 secreto
1549 4877 1682 4938 divinae
1699 4877 1766 4939 cla-

251 5048 273 5112 Ι)
291 5048 543 5120 multiplicationem
560 5044 593 5101 I.
1029 5043 1052 5111 ⁸)
1064 5052 1159 5102 contra
1165 5047 1266 5116 jnculu
1277 5055 1302 5106 et
1312 5049 1440 5106 militiam
1452 5049 1486 5106 A.

249 5135 273 5200 ²)
286 5136 496 5190 vomitorium
510 5130 551 5187 sio
564 5131 609 5186 W.
1030 5130 1052 5195 ⁴)
1065 5135 1332 5203 quantummmoA.
