3992 6092
263 511 305 573 70
836 524 863 572 s.
887 521 1168 572 nrnnsonnnrs

223 646 368 709 dantem:
388 665 405 706 ‹
423 645 472 709 'l'u
496 644 621 722 sagitta
640 643 773 706 Diaboli
796 659 844 721 es,
863 659 950 722 quae
972 661 1033 722 per
1054 647 1237 708 nocturnas
1261 643 1403 708 insidias
1420 644 1551 722 volans,
1577 643 1695 708 beatos
1712 659 1775 722 per

225 767 242 809 s
262 750 460 826 martyrium
476 748 645 822 vulneras,
663 747 796 824 quando
813 747 878 809 hoc
893 749 1009 811 volunt
1026 750 1114 826 quod
1132 754 1169 810 tu
1184 765 1251 810 non
1267 750 1330 810 vis.
1347 748 1387 810 Et
1402 750 1536 826 quando
1553 749 1617 809 hoc
1633 764 1777 826 operan-

225 855 317 915 »tur
341 851 429 931 quod
452 856 488 914 tu
513 852 682 928 repudias,
707 852 766 914 ubi
789 868 848 914 eos
871 855 951 914 tunc
974 853 1115 930 perdere
1138 854 1203 927 vis,
1229 853 1287 915 sed
1311 869 1377 915 non
1400 860 1507 931 potes.
1525 852 1607 913 Nam
1631 851 1721 914 beati
1738 851 1772 910 in

225 974 242 1016 s
260 958 383 1034 vexillo
400 956 476 1018 fidei
492 972 568 1036 cum
586 956 738 1032 angelica
755 956 968 1016 multitudine
993 959 1145 1035 surgunt,
1164 959 1198 1018 et
1214 960 1330 1019 contra
1347 965 1378 1018 te
1404 956 1603 1019 festinanter
1619 955 1770 1030 currunt,

225 1076 243 1118 a
262 1075 302 1121 ac
316 1059 410 1120 velut
427 1060 461 1121 in
477 1039 597 1136 manna
614 1059 682 1134 siti,
700 1061 733 1120 te
749 1059 941 1122 desiderant
957 1061 1158 1138 opprimere,
1177 1061 1265 1122 sicut
1281 1076 1402 1123 cervus
1420 1075 1526 1138 aquas
1539 1059 1642 1120 fontis
1656 1057 1774 1120 bibere

229 1179 246 1221 a
265 1162 445 1224 desiderat.
462 1162 531 1240 Ipsi
548 1164 636 1223 enirn
654 1163 687 1222 in
703 1162 870 1240 baptismo
887 1164 976 1223 acin
993 1165 1120 1240 septem
1136 1163 1233 1225 donis
1250 1164 1395 1242 Spiritus
1419 1163 1542 1239 Sancti,
1560 1176 1646 1240 quae
1662 1161 1696 1221 in
1712 1159 1776 1219 hu·

227 1283 245 1325 a
264 1268 423 1330 manitate
437 1265 621 1328 Salvatoris
639 1268 876 1345 apparuerunt,
891 1267 989 1344 quasi
1002 1267 1036 1329 in
1049 1266 1176 1329 diluvio
1193 1284 1368 1345 aquarum,
1382 1269 1415 1329 te
1432 1266 1668 1328 absorbebunt.
1682 1263 1773 1323 llaec

225 1389 242 1430 s
261 1371 351 1432 enim
366 1377 420 1432 est
436 1371 574 1433 abolitio
591 1376 661 1446 tua,
679 1370 758 1448 quia
772 1371 935 1432 adversus
950 1370 1055 1433 Deum
1068 1388 1115 1433 es.
1129 1373 1197 1449 Ego
1214 1374 1326 1435 autem
1341 1370 1530 1432 aedificium
1546 1369 1695 1431 omnium
1711 1367 1774 1428 bo·

226 1492 243 1533 a
261 1489 393 1550 norum,
412 1477 445 1535 et
461 1475 565 1536 turris
580 1474 765 1535 Jerusalem
782 1476 816 1535 in
831 1475 990 1552 operibus
1008 1481 1199 1536 sanctorum
1218 1491 1304 1537 sum.
1324 1473 1364 1535 Et
1378 1489 1439 1551 per
1453 1463 1594 1535 arietem
1615 1472 1650 1531 in
1665 1469 1773 1546 spinis

225 1594 243 1636 a
263 1579 471 1654 pendentem,
487 1572 510 1658 ¹)
528 1579 586 1655 qui
603 1577 774 1638 Christum
790 1579 997 1655 ostendebat,
1010 1579 1218 1654 poenitentes
1235 1577 1395 1654 suscipio,
1413 1591 1452 1637 ac
1474 1574 1645 1652 simplices
1660 1587 1721 1649 per
1736 1569 1774 1630 ii-

226 1696 243 1738 s
261 1679 337 1740 dem
361 1680 532 1758 baptismi,
549 1686 583 1741 et
606 1681 799 1743 innocentes
815 1697 876 1760 per
898 1682 1089 1743 unctionem
1105 1681 1249 1758 Spiritus
1269 1680 1380 1742 Sancti
1404 1679 1545 1740 firmiter
1567 1678 1674 1749 teneo,
1693 1673 1773 1750 quia

225 1799 243 1841 a
262 1799 322 1859 per
338 1783 513 1845 candidam
529 1784 769 1861 virginitatem,
787 1800 873 1863 quae
897 1785 1049 1846 incarne
1067 1784 1193 1846 Christi
1210 1785 1298 1846 sicut
1318 1783 1427 1844 lilium
1443 1781 1567 1857 floruit,
1585 1780 1619 1842 in
1640 1779 1697 1839 via
1720 1792 1780 1837 sa=

226 1902 244 1944 a
263 1886 343 1947 lutis
360 1889 515 1965 reparata
532 1905 619 1965 sum,
637 1889 724 1950 unde
739 1891 773 1951 et
789 1889 912 1951 cohors
927 1887 986 1950 Dei
1004 1905 1089 1950 sum.
1109 1907 1125 1948 s

952 2097 1046 2158 XVII.

858 2309 1000 2387 Rupitus
1024 2307 1139 2366 honis.

271 2510 325 2576 26.
348 2512 389 2578 Et
404 2529 482 2577 ecce
498 2530 613 2579 coram
628 2515 800 2594 praedicto
817 2514 891 2575 viro
908 2515 961 2575 leo
978 2514 1101 2591 stabat,
1119 2514 1177 2592 qui
1194 2527 1230 2574 se
1246 2513 1364 2574 contra
1378 2510 1462 2574 vitia
1479 2509 1545 2572 ista
1559 2507 1721 2577 verterat,
1738 2507 1774 2566 et

227 2617 288 2695 qui
299 2634 456 2697 magnum
469 2621 617 2698 rugitum
630 2637 707 2682 cum
718 2621 817 2691 venio
830 2619 998 2696 emittens,
1013 2619 1189 2682 clamabat:
1210 2636 1227 2677 ι
1245 2617 1271 2680 Ο
1283 2616 1449 2680 diabolica
1464 2616 1558 2692 vitia,
1572 2615 1607 2675 in
1619 2615 1775 2675 aestuan-

229 2737 247 2780 ‹
265 2723 298 2784 te
314 2723 465 2785 incendIo
481 2741 542 2786 vos
558 2725 763 2802 exspoliabo,
782 2740 823 2786 ac
840 2723 1008 2785 incedam
1025 2725 1146 2801 spolio,
1164 2740 1226 2784 vos
1243 2722 1285 2784 ad
1302 2722 1399 2783 linem
1416 2721 1609 2800 perducam,
1627 2717 1712 2795 quia
1721 2715 1775 2794 ju-

232 2839 249 2880 »
269 2826 383 2887 stitiae
398 2825 456 2888 Dei
473 2827 604 2889 etmihi
621 2844 808 2907 repugnare
824 2845 957 2909 semper
972 2830 1183 2892 contenditis.
1203 2849 1219 2887 a

949 3037 1058 3099 XVIII.

336 3241 423 3304 Deus
440 3251 556 3305 contra
573 3246 744 3309 Diabolum
766 3251 992 3310 instrumento
1007 3249 1127 3309 ceteris
1145 3253 1176 3308 ct
1193 3249 1268 3308 novi
1289 3246 1488 3309 Testamenti
1501 3243 1666 3322 producit.

276 3449 330 3513 27.
353 3451 394 3513 Et
409 3452 532 3516 iterum
556 3456 668 3517 audivi
692 3473 809 3519 vocem
832 3458 874 3520 de
891 3460 983 3519 coelo
1007 3457 1182 3520 dicentem:
1207 3456 1308 3534 Deus,
1326 3454 1440 3517 multis
1458 3452 1564 3530 signis
1580 3455 1615 3512 et
1628 3447 1774 3510 diversis

227 3554 518 3635 castigationibus,
535 3561 682 3623 tenebris
697 3560 942 3624 diabolicarum
960 3560 1158 3623 insidiarum
1180 3577 1217 3622 se
1235 3575 1416 3639 opponens,
1435 3557 1583 3618 insanias
1601 3555 1774 3627 insurgen-

229 3657 315 3720 tium
330 3659 490 3722 vitiorum
508 3663 554 3724 ita
576 3664 797 3743 obnubilavit,
815 3666 905 3743 quod
921 3665 1119 3728 beatitudini
1143 3679 1365 3743 supernorum
1381 3661 1507 3722 civium
1528 3659 1685 3720 resistere
1708 3669 1788 3715 non.

231 3760 398 3840 poterunt,
416 3766 475 3826 ubi
492 3768 564 3845 ipse
579 3768 621 3830 de
638 3770 731 3831 coelo
745 3770 965 3848 prospiciens,
985 3769 1099 3831 iideles
1116 3769 1197 3831 suos
1215 3769 1304 3831 omni
1321 3766 1499 3828 sanctitate
1515 3762 1668 3825 munivit.
1685 3757 1778 3821 Unde

230 3865 327 3926 vides
344 3869 432 3945 quod
448 3871 640 3947 praedictus
656 3875 710 3934 vir
725 3873 767 3936 ad
784 3875 997 3936 Occidentem
1010 3889 1047 3934 se
1064 3873 1239 3950 convertit,
1254 3873 1300 3933 ita
1313 3871 1401 3948 quod
1413 3871 1448 3930 et
1463 3869 1503 3929 ad
1516 3865 1727 3928 Occidentem
1742 3862 1777 3921 et

230 3967 272 4028 ad
296 3967 559 4047 Septentrionem
583 3978 715 4055 aspicit,
733 3979 892 4057 quoniam
913 3979 985 4056 ipse
1003 3977 1101 4039 lortis
1117 3977 1300 4054 praellator
1315 3976 1432 4035 contra
1447 3971 1624 4032 Diabolum
1641 3965 1776 4026 fortiter

229 4071 335 4145 stans,
354 4072 418 4134 boc
434 4077 467 4136 in
482 4079 619 4155 antiquo
636 4083 777 4144 consilio
794 4099 856 4144 suo
874 4098 1006 4159 semper
1023 4081 1151 4157 habuit,
1172 4081 1261 4158 quod
1278 4079 1441 4140 adversus
1455 4075 1611 4138 tenebras
1624 4068 1773 4132 cadentis

230 4173 358 4250 ruinae,
376 4194 415 4238 ac
439 4187 556 4244 contra
577 4184 718 4247 stultum
743 4185 850 4262 frigus
875 4187 1083 4262 ignorantiae
1108 4186 1218 4246 omnia
1243 4184 1464 4244 instrumenta
1487 4179 1613 4240 veteris
1638 4177 1671 4237 et
1694 4171 1774 4234 novi

233 4276 447 4359 Testamenti,
465 4299 504 4346 ac
521 4289 659 4350 cunctas
677 4288 853 4352 facultates
867 4288 1031 4351 bonorum
1048 4305 1187 4366 operum
1203 4287 1367 4365 producit.

945 4496 1071 4558 XVIIII.

575 4707 617 4769 ln
640 4667 848 4787 fatuadtna
866 4705 948 4770 ratas
976 4707 1038 4770 nea·
1058 4706 1220 4785 protectio
1241 4705 1445 4788 campanas.

280 4913 334 4974 28.
360 4916 451 4986 Quod
468 4919 580 4979 aritern
598 4918 630 4978 in
647 4921 789 4996 utroque
808 4916 945 4980 humero
964 4915 1025 4979 ¹suo
1043 4915 1144 4979 habet
1159 4916 1247 4978 alam
1264 4932 1376 4992 unam,
1395 4929 1483 4992 quae
1502 4915 1536 4974 et
1553 4907 1691 4973 brachia
1708 4905 1780 4986 ejus

274 5095 295 5160 'l
307 5103 332 5153 el
341 5101 472 5172 periclem
482 5102 605 5174 inopinis
611 5100 810 5176 pendeatrmrl,
819 5099 982 5176 pessumda·
1025 5113 1129 5170 ganum
1148 5103 1178 5156 et
1196 5095 1315 5163 cithara,
1330 5095 1464 5157 classicos
1478 5095 1636 5168 theologiae
1648 5092 1782 5168 symboli-

238 5185 267 5236 ta
280 5181 379 5242 arIctIs
392 5189 420 5242 cl
431 5185 537 5245 Christi
553 5188 688 5260 imsgIne.
699 5205 772 5262 quae
783 5188 828 5246 uli
845 5205 929 5264 supra
940 5205 982 5246 or·
1027 5205 1075 5245 tos
1086 5201 1208 5244 canones
1219 5183 1365 5260 splendide
1375 5177 1725 5248 resanescanesmxtl.
1736 5180 1777 5235 15.
