3998 6100
299 525 343 583 32
874 541 901 585 S.
933 539 1203 588 prenuntiatus

261 661 306 720 tis
330 659 537 734 permanent,
562 653 641 732 quia
665 653 768 714 vitam
792 670 856 715 non
877 655 1123 718 desiderabant.
1141 658 1181 717 Et
1198 656 1261 718 bae
1277 671 1393 718 omnes
1410 658 1617 720 lamentabili
1634 675 1716 722 voce
1732 677 1809 738 per-

261 768 397 826 manent
413 760 574 820 dicantes:
594 775 611 817 ι
630 757 708 832 Vae,
725 772 788 818 vae
805 760 930 820 noxiali
942 764 976 821 et
989 760 1154 821 horrendo
1167 762 1272 838 operi,
1287 760 1375 838 quod
1388 762 1493 820 vitam
1507 762 1603 838 fugit,
1619 765 1698 825 etin
1710 765 1809 825 nobis

265 890 281 932 1
301 868 342 930 ad
358 870 499 928 mortem
516 861 669 937 tetendit3
690 879 705 918 1
725 863 805 938 quia
822 863 855 923 in
871 864 1000 940 poenis,
1019 866 1135 925 multis
1153 865 1355 926 stridoribus
1372 864 1611 943 vociferantur,
1630 873 1664 928 et
1675 868 1809 945 culpam

265 989 362 1037 suam
385 974 420 1031 et
443 967 602 1027 horrores
626 965 841 1027 tenebrarum
865 983 1001 1028 suarum
1023 968 1113 1030 Adae
1132 969 1316 1046 imponunt,
1335 969 1414 1046 quia
1430 977 1611 1048 praecepta
1626 971 1686 1034 Dei
1702 977 1811 1033 trans-

264 1091 415 1158 gressus,
439 1073 474 1132 in
489 1076 631 1132 mortem
649 1071 786 1145 corruit;
805 1087 881 1131 cum
899 1073 964 1150 ipsi
981 1073 1090 1132 lucem
1107 1072 1183 1133 lidci
1200 1079 1234 1134 et
1250 1089 1352 1151 opera
1366 1073 1518 1150 iustitiae
1534 1074 1687 1136 videntes
1704 1081 1738 1136 01
1753 1091 1812 1136 au-

262 1183 404 1252 dientes,
430 1191 469 1237 00
489 1176 592 1236 etiam
609 1173 765 1249 scientes,
784 1191 844 1252 pro
861 1175 965 1236 nihilo
983 1175 1150 1236 habebant
1165 1184 1199 1238 et
1217 1176 1479 1253 subsannabant,
1498 1183 1532 1238 et
1547 1177 1723 1239 Diabolum
1739 1195 1809 1238 ma·

259 1288 312 1362 gis
328 1298 430 1361 quam
444 1279 550 1340 Deum
566 1276 758 1353 diligebant.

1004 1485 1070 1550 LX.

821 1697 924 1760 Nulla
948 1717 1020 1778 spes
1044 1701 1247 1779 ininferna

307 1913 359 1974 73.
385 1907 477 1982 Quod
501 1912 613 1967 autem
629 1904 746 1965 deinde
764 1903 857 1964 vides
875 1905 996 1966 nubem
1013 1906 1056 1967 ab
1072 1907 1234 1984 Aquilone
1249 1905 1447 1980 venientem,
1465 1920 1551 1982 quae
1568 1921 1604 1964 se
1617 1905 1657 1966 ad
1670 1905 1806 1966 easdem

261 2016 417 2079 tenebras
441 2013 576 2086 dilatat,
604 2012 637 2070 et
661 2024 747 2086 quae
770 2008 813 2069 ab
835 2009 926 2069 omni
950 2009 1071 2086 gaudio
1095 2017 1129 2071 et
1152 2011 1195 2071 ab
1217 2010 1308 2071 omni
1333 2009 1493 2070 felicitate
1517 2008 1610 2070 arida
1634 2011 1700 2086 est,
1725 2010 1804 2086 quia

259 2122 361 2184 etiam
385 2132 447 2179 nec
471 2115 522 2176 sot
544 2113 638 2174 illam
661 2113 780 2188 tangit,
805 2128 867 2173 nec
891 2114 981 2174 illarn
999 2114 1156 2175 illustrat:
1175 2113 1238 2174 hoc
1255 2113 1345 2174 aliud
1362 2129 1467 2190 genus
1484 2111 1691 2175 infelicitatis
1707 2120 1742 2175 et
1756 2114 1806 2174 in·

260 2222 437 2287 iernalium
454 2222 695 2282 tormentorum
712 2222 776 2291 est,
795 2217 882 2294 quod
900 2235 919 2278 a
935 2218 1072 2280 Diabolo
1092 2218 1288 2296 procedens,
1302 2217 1465 2296 praefatis
1478 2219 1626 2280 tenebris
1637 2234 1713 2281 cum
1726 2235 1806 2297 poe-

257 2328 390 2389 nalibus
414 2323 590 2385 tormentis
615 2337 652 2382 se
676 2322 858 2398 conjungit3
882 2322 917 2382 in
940 2339 1007 2400 quo
1030 2339 1153 2398 genere
1171 2323 1381 2384 crudelitatis
1397 2321 1489 2382 nulla
1506 2338 1584 2399 spes
1600 2322 1724 2399 gaudii,
1742 2339 1805 2384 nec

259 2433 329 2493 ulla
353 2445 431 2508 spes
456 2429 576 2490 salutis
600 2431 665 2500 est,
687 2426 843 2503 quoniam
860 2441 922 2486 nec
939 2442 1040 2487 verus
1058 2427 1109 2487 sol
1127 2427 1217 2488 illam
1235 2427 1805 2502 1110100111100111110101,11001110

255 2535 432 2612 splendore
457 2530 621 2593 claritatis
638 2543 719 2590 suae
736 2529 890 2606 inlundit,
909 2545 970 2590 nec
986 2530 1089 2590 etiarn
1105 2537 1260 2592 terrenus
1278 2531 1329 2591 sol
1346 2531 1387 2591 ad
1403 2547 1478 2592 eam
1494 2531 1563 2592 ulio
1581 2531 1712 2608 fulgore
1728 2547 1804 2609 per-

257 2639 365 2714 tingit.

989 2839 1070 2906 LXI.

728 3052 865 3130 Molipni
890 3054 1028 3130 spiritus
1054 3055 1159 3115 Deam
1182 3056 1328 3132 sapiunt.

304 3265 356 3326 lt.
381 3249 459 3342 lps'a
482 3267 593 3323 autem
617 3260 725 3322 nubes
749 3261 969 3336 malignorum
995 3262 1175 3338 spirituum
1199 3262 1296 3340 plena
1319 3266 1389 3336 est,
1415 3262 1473 3338 qui
1490 3262 1522 3323 in
1538 3277 1578 3323 ea
1595 3262 1657 3322 hac
1673 3267 1707 3324 et
1724 3264 1802 3324 illac

257 3375 437 3448 vagantur,
463 3373 497 3428 et
521 3364 712 3426 bominibus
736 3365 876 3424 insidias
900 3365 1149 3432 machinantur.
1176 3381 1215 3425 ac
1238 3366 1296 3442 qui
1319 3365 1526 3442 praedictum
1550 3367 1661 3426 virum
1684 3367 1804 3428 erube-

258 3479 367 3549 scunt,
393 3469 550 3549 quoniam
575 3469 608 3528 in
631 3468 747 3528 eadem
772 3467 967 3529 inlidelitate
991 3469 1283 3531 innumerabilium
1310 3469 1472 3529 malorum
1489 3469 1646 3530 diabolici
1662 3472 1804 3547 spiritus

256 3583 335 3639 sunt
350 3582 384 3638 01
400 3575 604 3648 discurrunt,
626 3579 660 3633 01
671 3573 835 3649 plurimas
847 3573 1016 3650 nequitias
1028 3573 1227 3650 producunt,
1241 3578 1276 3633 et
1288 3571 1392 3632 Deum
1406 3573 1645 3634 erubescentes
1659 3572 1802 3650 lugiunt,

254 3683 335 3759 quia
359 3679 484 3742 nullam
509 3676 748 3738 beatitudinem
774 3676 908 3752 babent,
934 3693 995 3738 nec
1012 3677 1134 3738 habere
1151 3677 1356 3752 desiderant,
1376 3677 1435 3738 sed
1453 3677 1485 3737 in
1501 3677 1713 3738 damnatione
1728 3693 1804 3754 per-

255 3790 376 3859 petuae
393 3780 591 3861 perditionis
608 3784 695 3841 sunt.

977 3983 1073 4049 LXII.

773 4193 920 4255 insidiae
946 4193 1073 4256 biaoott
1099 4197 1132 4256 in
1158 4195 1285 4257 electos.

298 4403 352 4466 75.
378 4401 441 4465 Sed
465 4401 552 4480 quod
577 4399 673 4462 audis
698 4403 871 4479 antiquum
892 4403 1085 4481 Serpentem
1103 4403 1189 4465 intra
1206 4421 1242 4466 se
1259 4405 1436 4480 dicentem,
1455 4402 1543 4481 quod
1560 4403 1650 4465 vires
1669 4399 1802 4465 10111111-

254 4509 343 4570 dinis
360 4523 441 4568 suae
458 4506 499 4567 ad
516 4507 765 4583 propugnacula
782 4512 970 4584 praeparet,
987 4513 1021 4568 et
1038 4515 1153 4570 contra
1171 4510 1324 4570 inimicos
1341 4525 1421 4569 suos
1438 4514 1599 4586 quantum
1616 4509 1725 4586 possit
1741 4525 1801 4584 pu-

252 4619 342 4689 gnet,
362 4610 424 4672 hoc
439 4617 504 4685 est,
521 4609 610 4687 quod
628 4609 714 4670 idem
731 4611 889 4687 antiquus
906 4611 1024 4686 bostis,
1045 4612 1077 4672 in
1089 4613 1290 4674 exaltatione
1304 4613 1481 4688 superbiae
1494 4627 1587 4686 suae,
1600 4613 1736 4673 diversa
1750 4613 1799 4671 vi-

253 4719 300 4778 tia
321 4713 517 4776 insidiarum
534 4714 651 4774 barum
669 4713 834 4790 producit,
853 4729 928 4775 curn
945 4716 1067 4792 quibus
1084 4718 1208 4778 electos
1225 4716 1283 4778 Dei
1302 4715 1470 4793 fatigando
1487 4716 1643 4792 decipiat,
1661 4731 1722 4775 nec
1738 4729 1799 4774 eos

254 4822 357 4880 ullam
373 4820 519 4896 quietem
537 4818 660 4878 babere
677 4820 859 4895 permittat.
876 4819 967 4880 Unde
983 4821 1085 4881 etiam
1104 4835 1256 4898 spumam
1271 4817 1294 4899 ¹)
1313 4821 1493 4882 multarum
1513 4819 1798 4880 immunditiarum

252 4937 327 4982 curn
352 4923 507 4983 omnibus
531 4921 624 4982 vitiis
649 4921 690 4982 ab
712 4939 769 4982 orc
787 4939 847 4983 suo
866 4924 952 4983 inter
969 4923 1119 4984 homines
1136 4921 1270 4998 emittit,
1292 4941 1331 4984 ac
1347 4925 1525 5000 plurimam
1544 4924 1732 4984 irrisionem
1750 4922 1800 4980 eis

254 5024 357 5098 inllat,
381 5026 536 5101 quoniam
560 5025 678 5086 sordes
695 5027 914 5104 plurimorum
931 5027 1090 5088 vitiorum
1109 5028 1151 5088 ab
1168 5027 1260 5088 biatu
1278 5029 1511 5104 perversitatis
1530 5043 1610 5086 snae
1628 5040 1798 5096 evomens,

290 5175 312 5244 ¹)
325 5193 433 5250 pomos
446 5178 478 5234 Α.
