3998 6100
319 469 380 518 vul
917 466 1165 516 ancorarum

263 607 375 707 posito
393 600 509 699 (cujus
525 623 649 672 nomen
669 599 819 696 primum
837 599 1028 700 discimus),
1047 603 1200 676 Cononis
1216 625 1355 698 qnoque
1368 610 1483 676 erecta
1499 603 1671 700 praesidio
1690 613 1724 678 et
1737 625 1819 680 con·

266 711 364 829 siliis,
383 731 501 806 statim
518 740 557 804 nt
574 725 875 826 scribere'incipit,
903 733 1022 806 morbo
1041 733 1221 821 liberatur,
1247 756 1317 828 quo
1338 740 1456 806 tamen
1483 733 1672 808 identidem
1694 733 1818 807 uexari

265 892 337 944 non
354 862 498 940 destitit.
514 861 639 933 Priora
651 861 770 956 capita
787 861 867 934 libri
885 863 1015 935 Scioiue
1030 864 1139 936 abbas
1157 863 1254 936 Cono
1276 863 1496 959 Mogontiam
1514 865 1661 960 festinus
1678 866 1813 958 detulit,

267 1003 302 1072 et
317 993 472 1068 Henrico
495 987 757 1084 archiepiscopo
781 988 937 1084 virisque
962 989 998 1060 in
1025 989 1118 1061 clero
1144 991 1341 1087 praecipuis
1366 991 1555 1066 cribrando
1581 994 1816 1066 communice-

265 1123 327 1198 vit.
355 1120 423 1208 Qui
449 1117 583 1214 primos
605 1114 694 1187 liber
718 1115 858 1188 nonnisi
876 1123 953 1212 post
979 1116 1096 1188 decem
1117 1116 1266 1212 improbi
1283 1116 1538 1190 laborisennos
1554 1119 1736 1192 absolutus
1762 1126 1815 1192 est

265 1253 333 1349 (Of.
351 1248 514 1324 Bollend.
534 1271 568 1319 n.
590 1249 645 1340 14,
667 1247 753 1344 lt).

312 1383 453 1456 Interea
470 1377 567 1451 oneri
584 1399 691 1448 onera
708 1375 837 1446 addere
849 1374 957 1471 jussa,
980 1375 1085 1447 immo
1102 1375 1146 1447 ad
1161 1375 1288 1448 durum
1306 1385 1483 1450 certamen
1501 1386 1623 1450 coacta
1641 1401 1719 1451 cum
1739 1378 1811 1450 fra-

263 1519 386 1611 tribus,
405 1517 521 1589 locum
538 1509 701 1583 mutarit.
720 1508 805 1581 Post
821 1508 953 1581 obitum
972 1509 1097 1582 beatae
1113 1499 1138 1580 J
1139 1516 1246 1600 ottae,
1272 1509 1423 1605 primum
1441 1511 1478 1583 in
1495 1510 1662 1606 capitulo,
1683 1510 1810 1584 deinde

263 1649 301 1722 in
318 1643 455 1742 capella
472 1641 517 1715 ad
533 1663 632 1714 aram
648 1639 689 1711 B.
712 1639 758 1711 V.
785 1637 973 1735 depositae,
1001 1661 1150 1734 magnus
1168 1639 1307 1712 videtur
1323 1638 1430 1712 fuisse
1447 1641 1581 1713 tumulo
1604 1640 1811 1713 obeuntium

201 1801 207 1812 ·
261 1792 459 1860 concursus,
478 1781 582 1862 qoem
599 1765 701 1836 auxit
718 1763 812 1834 lama
830 1787 942 1837 novae
959 1764 1168 1836 abbatissae.
1186 1765 1267 1848 Non
1285 1763 1426 1836 deluere
1439 1788 1591 1860 superna
1609 1766 1753 1855 monita,
1769 1774 1810 1839 ut

260 1905 375 1977 locum
403 1903 587 1996 quaereret
618 1893 914 1988 tranquilliorem,
946 1893 1037 1966 inter
1055 1894 1223 1968 derelicta
1249 1894 1423 1990 quaedam
1451 1895 1590 1988 rudera,
1619 1897 1664 1968 sd
1690 1896 1809 1992 sepul·

259 2054 357 2106 crum
387 2029 422 2101 S.
449 2023 610 2120 Ruperti.
634 2022 691 2096 Ex
709 2023 809 2095 novis
838 2030 975 2095 constat
1006 2022 1148 2116 litteris,
1179 2049 1286 2119 quam
1316 2026 1440 2097 acerbe
1466 2025 1612 2097 tulerint
1642 2027 1807 2099 monachi

258 2167 396 2234 tantum
413 2155 509 2228 sidus
525 2154 571 2226 ab
587 2152 630 2224 iis
648 2150 836 2222 recessisse.
856 2149 982 2223 Pacem
1000 2150 1147 2224 fortasse
1163 2153 1357 2248 composuit
1374 2153 1409 2226 S.
1428 2153 1641 2248 Bernardus,
1661 2155 1805 2250 quando

257 2289 614 2378 Treuirosaccedcns,
641 2311 720 2360 curn
737 2286 897 2382 Eugenio
916 2285 975 2358 III
1002 2292 1036 2358 et
1062 2285 1223 2358 Romana
1247 2286 1354 2379 curia,
1374 2286 1510 2358 litteras
1535 2288 1806 2384 benignissimas

255 2424 394 2521 scripsit
416 2457 427 2485 «ι
452 2419 497 2492 ad
513 2417 678 2491 dilectam
696 2417 731 2488 in
753 2415 904 2488 Domino
929 2415 1038 2487 filiam
1065 2415 1329 2509 Hildegardem,
1357 2417 1594 2514 praepositam
1619 2419 1657 2491 in
1683 2427 1804 2493 monte

255 2553 350 2628 beati
366 2547 527 2645 Ruperti.
552 2579 564 2606 »
592 2544 660 2638 (Of.
678 2568 753 2636 epp.
770 2541 873 2633 LIV,
892 2541 973 2631 LV,
1000 2549 1031 2614 et
1055 2544 1107 2614 ed.
1130 2542 1294 2636 XXIX).
1322 2542 1578 2640 Gravissimum
1606 2554 1689 2620 tunc
1715 2547 1806 2621 illud

253 2677 391 2750 lacinus
407 2670 565 2764 contigit,
583 2666 675 2763 quod
692 2689 800 2761 quum
818 2664 975 2738 Treviris
999 2665 1160 2738 adessent
1185 2665 1302 2739 decem
1329 2675 1365 2740 et
1390 2676 1467 2740 octo
1484 2668 1702 2762 Cardinales,
1731 2693 1805 2743 me·

254 2804 313 2878 dio
351 2800 493 2874 Abbate
528 2795 783 2869 Clarevallensi
819 2794 910 2866 inter
945 2793 1146 2866 innumeros
1179 2797 1379 2892 praelatos,
1414 2820 1545 2869 norum
1578 2797 1808 2894 Hildegerdis

252 2957 352 3033 opus,
365 2932 511 3028 jubente
527 2925 698 3022 Eugenio,
714 2924 849 2998 duobus
866 2923 952 2996 viris
974 2923 1086 2996 doctis
1107 2924 1260 2998 traditur
1278 2926 1564 3018 examinandum,
1580 2939 1704 3024 satque
1721 2955 1804 3027 pro·

252 3067 376 3138 batum
392 3067 454 3152 est,
472 3065 512 3130 ut
530 3054 690 3127 fidelibus
708 3052 892 3148 legendum
912 3051 1184 3147 permitteretur.

297 3192 423 3291 Operis
451 3183 668 3261 continuatio
690 3206 756 3292 per
785 3182 935 3255 alterum
965 3161 1171 3254 decennium
1200 3205 1368 3278 suspensa
1399 3189 1468 3279 est;
1494 3183 1561 3256 hoc
1587 3207 1669 3258 vero
1688 3186 1799 3259 otium

248 3318 397 3416 negotiis
427 3335 628 3412 oppressum
660 3318 722 3382 est.
751 3308 842 3382 Tum
876 3308 1053 3381 intercidit
1081 3308 1272 3405 praecipua
1299 3308 1405 3382 moles
1435 3310 1661 3406 epistolarum
1676 3335 1687 3398 ‚·
1722 3320 1798 3384 tum

248 3446 422 3548 plurimae
439 3439 558 3537 gravis
575 3437 775 3534 argumenti
791 3443 978 3509 occurrunt
995 3437 1314 3530 commentationes,
1341 3443 1415 3508 tum
1434 3436 1549 3509 densis
1575 3461 1620 3510 ex
1640 3440 1797 3511 tenebris

249 3581 422 3651 eruuntur
447 3569 507 3644 SS.
526 3565 685 3640 Disibodi
711 3571 745 3638 et
771 3564 922 3660 Ruperti
938 3572 1029 3658 acta,
1057 3572 1131 3638 tum
1157 3564 1263 3636 etiem
1289 3587 1420 3636 norum
1441 3564 1603 3638 conditur
1620 3577 1795 3640 monaste-

246 3705 338 3778 rium
359 3698 589 3793 Hibingense3
615 3702 689 3767 tum
717 3692 854 3764 demum
883 3691 1076 3786 longinqua
1101 3691 1370 3787 frequentantur
1395 3690 1532 3763 itinere.
1560 3693 1658 3778 Quae
1684 3719 1795 3790 quum

244 3831 424 3932 sigillatim
445 3826 642 3927 expendere
659 3824 803 3918 longum
821 3823 876 3909 sit,
895 3846 1005 3895 novas
1022 3823 1068 3895 ad
1084 3823 1250 3919 epistolae
1268 3821 1489 3894 revertimur.

984 4076 1050 4149 IV.

292 4357 387 4426 Ante
404 4370 534 4422 annum
564 4346 656 4417 1148
685 4361 879 4437 perpaucae
904 4337 1045 4410 litterae
1070 4359 1148 4408 cnm
1175 4344 1272 4409 certa
1290 4334 1457 4432 temporis
1482 4345 1577 4425 note,
1605 4337 1728 4410 saltem
1750 4339 1786 4413 in

241 4480 418 4555 codicibus
436 4475 572 4562 nostris,
591 4471 757 4544 existunt.
776 4466 843 4539 Sed
863 4473 1046 4563 postquam
1065 4465 1100 4536 iu
1118 4463 1262 4536 solemni
1281 4471 1455 4536 conventu
1479 4463 1689 4557 Trevirensi,
1710 4465 1791 4538 Hil-

241 4605 405 4704 degardis
420 4603 515 4674 fama
542 4596 711 4672 celebrior
727 4592 892 4690 eruperit,
920 4591 1052 4664 dixeris
1076 4585 1188 4663 totlrm
1214 4588 1329 4661 subito
1354 4587 1472 4661 orbem
1499 4586 1709 4661 catholicum
1733 4611 1790 4660 as-

238 4733 441 4808 surrexisse.
481 4728 560 4801 Non
588 4726 698 4798 solnm
717 4747 761 4796 ex
787 4721 949 4796 omnibns
986 4719 1198 4794 Germaniae
1225 4717 1384 4814 partibus
1409 4716 1657 4812 cujuscumque
1683 4742 1790 4814 gene-

238 4865 287 4938 ris
304 4861 463 4935 homines
487 4864 521 4927 ct
547 4854 709 4944 feminae,
737 4875 808 4946 qua
833 4849 959 4940 uerbis,
986 4872 1055 4944 qua
1089 4846 1224 4938 litteris,
1252 4867 1321 4939 qua
1348 4843 1473 4938 legatis
1498 4852 1533 4915 et
1558 4845 1690 4934 amicis,
1717 4868 1791 4939 qua

239 4989 439 5088 agminibus
458 5009 518 5082 per
537 4983 612 5053 vias
628 4979 746 5051 offusis
763 5001 981 5070 concurrere,
1000 4973 1059 5046 sed
1077 4996 1121 5044 ex
1139 4971 1340 5066 longinquis
1357 4969 1556 5063 regionibus
1577 4978 1712 5042 turmae
1728 4993 1789 5066 pe·

236 5115 501 5212 regimundum,
521 5109 664 5205 equitus,
685 5105 887 5203 peditesque
914 5101 1176 5174 increbrescere.
1196 5099 1253 5170 Ex
1270 5095 1388 5192 amplo
1406 5104 1440 5168 et
1458 5097 1612 5170 conferto
1638 5097 1789 5170 interro-
