3992 6092
533 1008 837 1090 samsona
867 1001 1169 1084 saevusne
1199 983 1413 1080 esent

374 1331 425 1388 nli
443 1329 535 1390 VIRO
552 1329 607 1386 An
624 1323 863 1385 OOGIDIIN'I’IIII
881 1321 929 1380 ΕΤ
947 1321 1001 1378 AD
1018 1316 1334 1378 SEPTENTBIORRII
1352 1311 1579 1372 asmentm

249 1854 275 1916 1.
298 1851 404 1914 Verba
418 1853 545 1914 ventris
561 1849 731 1932 ingluviei.
1046 1841 1142 1906 XXII.
1169 1839 1261 1916 Quod
1283 1839 1445 1920 protectio
1464 1834 1660 1916 prophetiae
1684 1849 1737 1892 ve-

249 1958 288 2018 11.
308 1959 488 2036 Responsio
504 1955 736 2017 abstinentiae.
1000 1949 1065 2007 teri
1085 1945 1292 2007 Testamenta
1308 1943 1494 2006 insudabat.
1511 1939 1537 2022 ²)

248 2062 304 2126 111.
327 2059 429 2122 Verba
443 2059 643 2122 acerbitatis.
1046 2051 1156 2112 XXIII.
1176 2049 1268 2124 Quod
1284 2051 1320 2110 in
1339 2049 1444 2114 veteri
1458 2047 1542 2124 Leqe
1559 2049 1651 2105 terra
1667 2059 1738 2104 car·

246 2168 317 2229 IIII.
336 2168 544 2243 Responsum
560 2182 657 2224 verae
675 2163 849 2241 torvitatis.
998 2157 1124 2216 naliter
1149 2151 1414 2234 sanctificabatur
1425 2193 1435 2224 ,
1460 2151 1497 2212 in
1520 2165 1605 2209 nova
1627 2151 1740 2206 autem

248 2270 284 2330 V.
308 2268 408 2332 Verba
423 2267 617 2348 impietatis.
993 2276 1058 2336 per
1074 2257 1202 2319 Filium
1219 2257 1281 2318 Dei
1296 2257 1424 2318 coelum
1440 2251 1696 2334 clarificabatur.

248 2377 298 2438 Vl.
316 2377 525 2454 Responsum
537 2373 685 2450 pietatis.
1043 2361 1169 2422 XXHII.
1197 2361 1289 2435 Quod
1312 2362 1444 2438 antiqui
1464 2361 1501 2420 in
1518 2357 1740 2419 circumcisio·

247 2480 313 2542 VII.
335 2478 437 2540 Verba
450 2476 619 2556 fallaciae.
996 2487 1039 2528 ne
1064 2465 1252 2529 carnalibus
1275 2463 1497 2528 adhaerebant
1506 2505 1516 2535 ,
1533 2462 1647 2544 fideles
1663 2479 1739 2522 vero

245 2585 327 2648 vlss.
346 2587 552 2662 Responsum
568 2583 730 2642 veritatis.
994 2575 1032 2634 in
1048 2573 1208 2650 baptismo
1226 2571 1361 2650 spiritui
1383 2569 1586 2629 deserviunt.

245 2689 341 2751 VIIII.
363 2688 464 2750 Verba
479 2689 712 2750 contentionis.
1041 2679 1133 2741 XXV.
1153 2679 1280 2743 Paulus
1297 2679 1340 2738 ad
1356 2677 1507 2738 eamdem
1522 2694 1606 2738 rem.

246 2794 282 2855 X.
300 2796 509 2871 Responsum
521 2794 626 2872 pacis.
1041 2781 1150 2844 XXVI.
1166 2781 1258 2856 Quod
1273 2780 1484 2842 rationalitas
1497 2779 1657 2841 discernit
1670 2794 1738 2838 om-

244 2896 296 2959 Xl.
318 2897 418 2958 Verba
434 2897 656 2976 infelicitatis.
995 2889 1055 2948 nia
1070 2905 1154 2964 quae
1171 2906 1192 2947 a
1208 2887 1275 2949 Deo
1290 2887 1371 2946 dala
1386 2890 1475 2948 sunt.

244 2998 311 3062 XII.
330 3002 537 3080 Responsum
552 2999 781 3062 beatitudinis.
1043 2993 1166 3058 XXVII.
1187 2993 1278 3067 Quod
1295 2994 1332 3052 in
1347 2993 1453 3053 veteri
1467 2991 1551 3067 Lcae
1564 2989 1738 3052 rationali-

248 3103 329 3165 XIII.
352 3103 453 3166 Verba
467 3105 763 3165 immoderationis.
997 3103 1048 3158 tas
1070 3099 1183 3174 viperis
1207 3099 1417 3160 sanctitatem
1440 3099 1478 3158 in
1500 3096 1628 3158 Christo
1642 3098 1737 3175 futu-

246 3209 343 3271 XIIII.
362 3210 569 3288 Responsum
582 3207 803 3269 discretionis.
996 3221 1071 3262 ram
1087 3203 1280 3264 declaravit.

246 3313 310 3376 XV.
331 3313 433 3374 Verba
445 3313 645 3392 perditionis
661 3313 864 3372 animarum.
1040 3307 1179 3371 XXVIII.
1206 3309 1298 3384 Quod
1321 3309 1533 3370 rationalitas
1565 3309 1672 3370 Deum
1703 3313 1736 3369 et

247 3418 326 3480 XVI.
359 3419 566 3497 Responsum
597 3417 787 3477 salvationis
814 3416 942 3477 anima·
994 3414 1161 3474 huninem
1184 3415 1220 3474 in
1245 3413 1331 3476 Filio
1352 3414 1414 3475 Dei
1434 3415 1652 3494 manifestat,
1673 3417 1733 3496 qui

200 3541 287 3588 rum
995 3522 1190 3581 incarnatus
1208 3521 1342 3581 nullum
1354 3521 1594 3584 detrimentum
1607 3521 1737 3584 Risini-

246 3628 340 3690 XVII.
362 3625 464 3688 Verba
477 3629 515 3688 in
531 3627 646 3706 nepitu
662 3626 777 3688 leonis.
993 3629 1072 3687 tatis
1090 3629 1254 3700 sentiens,
1268 3629 1306 3690 in
1321 3627 1392 3690 illis
1408 3628 1570 3690 remansit
1585 3629 1644 3706 qui
1655 3645 1734 3690 eum

245 3731 354 3794 XVIII.
381 3731 473 3806 Quod
496 3731 585 3792 Deus
609 3729 754 3792 tenebris
767 3727 941 3790 diabolica·
989 3749 1076 3810 puro
1092 3733 1189 3794 corde
1205 3734 1403 3811 inspiciunt.

199 3854 278 3900 mm
293 3836 495 3898 insidiarum
511 3853 545 3895 se
560 3853 745 3916 opponens,
762 3835 875 3896 omnia
890 3833 942 3892 in·
1039 3836 1194 3902 XXVIIII.
1228 3837 1319 3912 Quod
1346 3839 1547 3917 prophetae,
1578 3839 1735 3900 incarna-

200 3945 389 4000 strumeuta
418 3941 538 4002 veteris
569 3945 601 4000 et
638 3939 714 4000 novi
740 3936 941 3998 Testamenti
994 3945 1118 4005 tionem
1145 3944 1267 4006 citrini
1289 3943 1379 4004 velut
1403 3943 1441 4002 in
1463 3941 1581 4003 umbra
1600 3945 1733 4020 praevi-

198 4045 371 4124 produnit.
993 4051 1123 4120 dentes,
1140 4049 1226 4110 nihil
1243 4047 1461 4128 loquebantur
1472 4065 1572 4126 quam
1585 4050 1672 4127 quod
1683 4051 1731 4110 vi-

245 4147 371 4209 XVIIII.
398 4147 489 4220 Quod
511 4147 765 4227 infortitudine
782 4147 863 4210 Filii
880 4150 942 4211 Dei
995 4152 1114 4214 debant
1131 4159 1163 4212 et
1179 4151 1335 4214 sciebant.

200 4259 249 4313 est
270 4255 432 4332 protectio
456 4253 541 4329 illa,
572 4269 672 4332 quam
702 4251 852 4312 nonaum
876 4253 940 4314 ulli
1038 4260 1131 4322 xxx.
1151 4258 1242 4334 Quod
1260 4257 1406 4335 Spiritus
1426 4257 1568 4318 sanctus
1584 4259 1731 4318 rationa-

200 4359 439 4437 manisestavit.
764 4426 768 4438 ,
994 4366 1123 4426 litatem
1146 4365 1287 4425 hominis
1304 4363 1353 4422 ita
1364 4362 1533 4440 perfudit,
1553 4363 1640 4441 quod
1652 4381 1731 4441 pro-

245 4463 309 4524 XX·
325 4461 417 4535 (Μᾶ
428 4463 685 4540 mittieriatlw
698 4463 734 4522 in
747 4463 938 4540 veleripro·
988 4473 1107 4548 phetae
1131 4475 1163 4529 et
1184 4487 1247 4547 per
1269 4470 1442 4539 visionem,
1468 4475 1500 4530 et
1520 4487 1584 4550 per
1600 4472 1732 4550 sapien-

192 4567 313 4650 ·pbetia
334 4566 444 4625 velata
460 4569 568 4640 erant,
585 4583 675 4626 nunc
696 4565 842 4628 doctores
858 4585 935 4644 ape·
988 4577 1084 4647 iiam,
1101 4593 1140 4634 ac
1159 4593 1222 4652 per
1245 4575 1429 4648 scientiam,
1454 4575 1550 4650 quasi
1566 4575 1603 4633 in
1618 4573 1732 4635 aliena

200 4671 269 4731 rire
293 4670 511 4741 contendunt,
536 4687 596 4730 nec
619 4670 660 4729 de
677 4673 735 4732 boc
752 4671 932 4734 cessabunt.
987 4682 1065 4753 vita,
1083 4678 1248 4738 miracula
1264 4677 1326 4738 Dei
1339 4675 1566 4754 protulerunt.

246 4759 325 4820 XXI.
347 4757 385 4820 Ut
402 4764 530 4819 secreta
544 4762 665 4819 veteris
682 4765 713 4822 et
730 4763 807 4821 novi
826 4763 935 4824 Testa-
1033 4782 1142 4843 ΧΧΧῙ,
1173 4781 1266 4854 Quod
1294 4780 1506 4841 rationalitas
1530 4782 1567 4841 in
1599 4783 1731 4860 sapien-

199 4865 306 4922 ΜΗ
329 4868 563 4938 exerceam&
581 4863 730 4944 fidelibuss
747 4885 936 4944 ΡΥΟΡθηαη·
989 4889 1038 4947 tia
1069 4885 1130 4946 Dei
1158 4887 1288 4962 intepra
1314 4885 1481 4952 consistit,
1510 4887 1659 4962 quamvis
1686 4887 1730 4946 ad
1850 4883 1855 4898 '

202 4973 270 5027 ΝΥ,
285 4961 309 5045 ¹)
990 5005 1125 5051 carnem
1142 4989 1272 5064 saepius
1289 4987 1483 5048 inclinetur.

229 5166 249 5235 ι)
257 5175 452 5243 proponuntur
463 5167 498 5226 A·
1022 5175 1045 5242 ²)
1055 5171 1252 5231 insudabatlle
1263 5169 1390 5245 capitulo
1400 5171 1520 5230 obscuro
1530 5169 1567 5230 el.
1578 5171 1652 5230 Intra
1662 5177 1739 5234 nbi.
