3992 6092
312 421 355 483 ou
886 439 916 486 s.
941 440 1221 490 urtnaoanors

278 573 293 613 a
314 556 374 617 tibi
390 555 487 616 daret
502 565 562 631 pro
580 553 678 615 malis
695 570 782 630 quae
798 557 963 632 operaris,
982 558 1039 617 ubi
1055 565 1148 620 esset
1165 564 1336 635 sceptrum
1353 551 1522 635 potentiae
1539 561 1638 621 suae‘l
1655 557 1738 622 Cum
1755 572 1824 624 ma-

275 676 291 716 »
311 659 380 718 lum
397 659 563 736 incepisti,
581 657 669 718 Deus
686 662 723 718 ut
739 658 913 734 plumbum
927 659 961 719 in
978 659 1145 721 infernum
1160 661 1302 738 proiecit
1318 669 1362 737 te,
1383 662 1468 722 unde
1480 664 1583 723 etiam
1600 680 1717 725 omnes
1729 681 1824 726 crea*

275 779 291 819 r
311 766 407 822 turae
424 761 458 822 in
480 758 749 839 persecutionem
765 761 892 822 ducunt
915 767 959 822 te.
976 763 1038 824 Ubi
1055 779 1135 839 ergo
1157 780 1244 824 nunc
1267 770 1320 824 est
1336 767 1486 841 potentia
1510 767 1585 827 tua‘l
1601 767 1770 830 Tenebrae
1786 773 1822 828 et

273 864 540 943 »blasphemiae
564 870 665 940 atque
689 865 899 925 conculcatio
924 865 957 924 in
981 871 1015 925 te
1039 874 1128 928 sunt.
1144 868 1207 929 Ubi
1231 866 1353 928 cubae‘l
1370 867 1403 928 in
1427 869 1732 931 maledictionibus.
1756 870 1819 932 Ubi

271 968 475 1045 ›pasceris‘l
491 969 525 1028 in
549 967 814 1029 confusionibus.
830 967 893 1030 Ubi
917 976 971 1029 est
987 968 1151 1032 habitatio
1175 971 1250 1031 tua‘i
1267 971 1337 1031 illic
1360 971 1418 1032 ubi
1443 973 1676 1050 unusquisque
1700 977 1819 1033 contra

270 1089 287 1129 v
306 1073 410 1132 alium
425 1077 490 1147 est,
509 1077 545 1132 et
559 1072 617 1132 ubi
633 1073 867 1148 unusquisque
884 1071 1116 1134 infelicitatem
1133 1090 1267 1152 semper
1291 1077 1448 1150 ruminat,
1466 1082 1500 1136 et
1517 1076 1574 1136 ubi
1599 1075 1817 1136 homicidium

270 1193 286 1231 a
306 1176 340 1234 in
356 1176 487 1236 malitia
503 1174 680 1235 effusionis
696 1176 872 1250 sanguinis
894 1182 958 1237 est.
978 1193 994 1233 u

310 1277 364 1339 fl.
390 1279 516 1350 Quarta
534 1283 646 1338 autem
668 1279 778 1354 imago
796 1284 890 1339 tanta
906 1279 1074 1339 densitate
1098 1281 1312 1341 tenebrarum
1329 1280 1614 1356 circumdabatur,
1638 1280 1727 1359 quod
1743 1279 1818 1341 nul-

266 1383 332 1441 lam
349 1381 598 1456 distinctionem
624 1381 851 1443 membrorum
868 1383 902 1442 in
917 1398 958 1443 ea
981 1383 1196 1444 considerare
1212 1383 1378 1458 valebam,
1397 1390 1534 1460 excepto
1559 1384 1648 1461 quod
1665 1399 1739 1444 eam
1760 1398 1817 1442 ve-

264 1485 316 1545 lut
330 1470 516 1560 deformem
531 1491 565 1545 et
581 1491 832 1547 monstruosam
850 1485 992 1547 formam
1009 1485 1154 1547 hominis
1171 1487 1204 1546 in
1228 1487 1356 1548 eisdem
1372 1488 1520 1549 tenebris
1545 1489 1600 1548 vix
1615 1487 1814 1563 dignoscere

259 1593 423 1664 poteram.
441 1588 481 1648 Et
498 1587 562 1648 hoe
586 1604 690 1665 supra
706 1589 886 1664 quamdam
912 1605 1066 1665 spumam
1083 1591 1209 1651 siccam
1226 1597 1259 1650 et
1283 1590 1401 1650 duram
1419 1606 1460 1651 ac
1482 1591 1613 1666 nigram
1629 1597 1663 1650 et
1688 1590 1814 1650 multas

263 1691 415 1751 flammas
434 1692 520 1766 ignis
536 1692 745 1752 emittentem
762 1692 885 1754 stabat.
901 1693 942 1753 Et
958 1693 1051 1754 dixit:

1000 1917 1066 1978 v11.

885 2122 984 2184 Verba
1011 2123 1178 2202 fallam.

302 2327 354 2393 lv.
391 2329 507 2403 «Quis
538 2335 591 2390 eet
622 2331 680 2407 qui
709 2331 820 2391 omnia
851 2332 1019 2391 veraciter
1049 2331 1162 2392 dicere
1193 2330 1321 2408 possiti
1348 2329 1381 2390 Si
1408 2331 1498 2391 enim
1528 2329 1605 2391 aliis
1635 2329 1806 2409 prosperi-

252 2442 392 2498 »tatem
414 2451 532 2496 eorum
555 2435 722 2494 veraciter
745 2434 904 2508 dicerem,
930 2435 1112 2510 meipsam
1136 2434 1314 2495 laederem.
1332 2435 1415 2494 Nam
1432 2435 1573 2495 alterius
1596 2435 1800 2509 sublevatio,

251 2556 388 2603 »casus
412 2555 507 2599 meus
523 2543 587 2597 est.
611 2537 703 2598 Unde
719 2544 861 2598 ventosa
883 2537 999 2613 verba,
1016 2533 1203 2613 quaemihi
1227 2537 1386 2598 honorem
1402 2537 1540 2611 dabunt,
1566 2539 1598 2597 in
1623 2554 1663 2597 os
1687 2552 1800 2596 meum

250 2663 267 2704 a
286 2660 421 2721 ponam,
438 2648 473 2702 et
497 2621 651 2716 sicquae
676 2640 710 2700 in
726 2642 833 2700 altera
857 2645 954 2717 parte
978 2640 1103 2701 habere
1126 2657 1192 2702 nou
1207 2657 1359 2718 possum,
1386 2641 1420 2700 in
1436 2640 1543 2700 altera
1567 2641 1748 2716 requiram.
1765 2637 1800 2698 Si

249 2766 266 2806 a
285 2748 373 2808 enim
391 2761 494 2808 verax
515 2760 638 2819 essem,
657 2744 821 2804 circulum
838 2744 1031 2821 requirendi
1048 2746 1159 2805 omnia
1183 2760 1249 2805 non
1266 2743 1435 2805 haberem.
1462 2745 1545 2806 Cum
1562 2749 1674 2804 autem
1698 2757 1800 2818 nego-

248 2851 369 2912 rtium
392 2865 504 2910 meum
521 2847 606 2921 colo,
632 2847 818 2923 quaemihi
843 2848 953 2908 aliena
971 2854 1049 2907 sunt
1074 2849 1218 2924 reperio,
1234 2853 1268 2908 et
1292 2849 1342 2907 sle
1357 2847 1469 2907 dicere
1493 2853 1610 2924 potero
1634 2861 1720 2923 quae
1737 2861 1798 2905 vo·

247 2973 263 3013 »
282 2955 387 3015 luero.
405 2952 499 3013 Multi
515 2951 605 3012 enim
628 2965 767 3010 veraces
784 2957 854 3011 tam
871 2951 1060 3011 immobiles
1084 2952 1119 3012 in
1134 2952 1278 3012 veritate
1294 2957 1384 3027 sunt,
1410 2950 1498 3028 quod
1515 2966 1551 3011 se
1577 2964 1711 3011 movere
1727 2964 1795 3008 non

246 3063 435 3135 »possunt
461 3055 559 3133 quasi
577 3054 618 3115 ad
645 3055 772 3130 lignum
788 3055 883 3132 ligati
902 3060 991 3130 sunt;
1018 3054 1075 3115 sed
1099 3055 1164 3116 hoc
1188 3055 1418 3115 tantummodo
1441 3054 1616 3131 proferunt
1639 3052 1728 3130 quod
1744 3053 1795 3112 vi-

244 3180 260 3220 »
279 3161 359 3221 dont
375 3166 409 3220 et
427 3159 577 3231 audiunt;
596 3157 684 3218 unde
699 3158 802 3218 etiam
818 3160 915 3219 multi
931 3175 972 3218 ex
987 3159 1039 3218 eis
1059 3173 1225 3235 pauperes
1241 3164 1275 3218 et
1291 3158 1387 3234 egeni
1403 3164 1438 3218 et
1461 3159 1595 3218 exsules
1612 3157 1705 3218 fiunt,
1722 3156 1792 3232 Ego

242 3268 391 3324 »autem
414 3263 503 3338 quod
528 3261 696 3322 fallaciter
719 3263 866 3339 requiro,
884 3262 947 3323 hoc
973 3263 1115 3324 invenio.
1143 3263 1226 3324 Cum
1249 3263 1339 3323 enim
1362 3262 1507 3322 nobilior
1528 3267 1563 3321 et
1585 3261 1689 3321 ditior
1711 3261 1791 3321 aliis

242 3385 258 3426 u
277 3382 354 3426 esse
371 3366 459 3441 volo,
479 3371 558 3424 tunc
575 3380 627 3424 me
645 3365 713 3424 illis
730 3365 929 3426 nobiliorem
945 3373 980 3426 et
1003 3366 1161 3427 ditiorem
1176 3367 1290 3426 verbis
1314 3366 1465 3440 ostendo;
1484 3370 1518 3424 et
1534 3364 1597 3424 hoe
1620 3363 1701 3423 mihi
1721 3377 1789 3423 me-

240 3489 256 3527 »
275 3471 343 3531 lius
357 3474 412 3529 est
427 3483 529 3544 quam
553 3468 593 3527 ad
612 3468 767 3529 arborem
784 3469 888 3543 ligata
913 3469 987 3528 sim.
1006 3467 1069 3529 Sed
1085 3475 1119 3528 et
1136 3484 1236 3545 saepe
1251 3469 1327 3528 dico
1351 3484 1438 3544 quae
1454 3482 1516 3527 nec
1537 3465 1634 3526 video
1652 3479 1712 3524 neo
1728 3480 1788 3532 au·

238 3573 341 3648 adio,
358 3578 392 3632 et
416 3572 467 3631 sic
483 3588 502 3631 a
526 3571 644 3632 multis
661 3571 761 3631 malis
784 3571 927 3646 declino,
946 3587 986 3632 ac
1009 3573 1112 3633 etiam
1128 3573 1274 3649 plurima
1294 3572 1386 3632 mala
1411 3576 1618 3648 pertranseo.
1635 3567 1669 3627 Si
1692 3567 1783 3628 euim

237 3694 253 3734 a
273 3675 406 3754 loquela
429 3690 503 3735 mea
521 3675 554 3735 in
578 3691 642 3735 uno
660 3674 758 3735 modo
783 3679 886 3750 esset,
904 3675 947 3736 ab
971 3676 1126 3736 omnibus
1148 3676 1337 3750 damnarer,
1354 3679 1389 3734 et
1405 3674 1478 3735 ideo
1500 3676 1672 3733 sermones
1689 3685 1784 3730 meos

235 3797 251 3837 a
270 3779 469 3856 multiplico,
494 3793 536 3838 ne
552 3778 594 3840 ab
611 3778 680 3839 ullo
704 3793 855 3858 superer;
873 3783 907 3838 et
924 3778 988 3838 hoe
1011 3779 1095 3839 milri
1111 3778 1229 3839 utilius
1252 3783 1306 3838 est
1322 3793 1421 3854 quam
1445 3776 1593 3837 fustibus
1609 3782 1643 3836 et
1659 3773 1783 3852 gladiis

235 3899 251 3938 a
269 3882 451 3959 percutiar.
468 3881 551 3942 Nam
568 3882 699 3942 nobiles
715 3887 749 3942 et
765 3881 889 3943 divites
906 3882 978 3942 sine
996 3897 1069 3942 meo
1087 3882 1221 3957 negotio
1238 3896 1408 3957 nunquam
1426 3881 1548 3941 inveni.
1567 3897 1583 3937 a

963 4105 1045 4166 VIII.

807 4312 1013 4389 Responsum
1035 4314 1195 4374 veritatis.

271 4515 324 4580 13.
349 4519 389 4580 Et
406 4518 528 4579 iterum
545 4517 586 4577 de
603 4517 776 4595 praedicta
792 4518 927 4580 turbida
943 4519 1030 4580 nube
1046 4519 1160 4580 audivi
1176 4537 1294 4582 vocem
1315 4521 1393 4582 huie
1411 4521 1546 4600 imagini
1573 4522 1776 4601 responden·

224 4630 302 4685 tem:
323 4623 384 4684 «0
410 4623 603 4699 serpentina
627 4628 661 4682 et
684 4622 880 4698 gehennalis
905 4625 1030 4700 lingua,
1056 4625 1184 4702 absque
1201 4627 1291 4686 omni
1311 4627 1484 4690 viriditate
1499 4630 1628 4705 gratiae
1643 4629 1703 4690 Uei
1717 4647 1770 4706 es,

223 4747 240 4788 a
259 4745 346 4807 quae
362 4729 515 4789 flammas
532 4728 674 4804 injuriae
690 4732 725 4787 et
739 4726 948 4804 deceptionis
972 4743 1106 4805 semper
1121 4729 1247 4791 educis.
1264 4731 1347 4792 Nam
1371 4734 1463 4793 nulla
1485 4733 1573 4794 mala
1589 4733 1651 4794 tibi
1676 4733 1770 4794 suffi-

222 4852 239 4892 a
258 4835 362 4910 ciunt,
380 4834 538 4911 quoniam
553 4831 594 4892 de
612 4832 680 4892 illis
698 4837 772 4892 orta
788 4847 837 4905 es,
855 4837 890 4891 et
905 4833 1008 4893 etiam
1025 4832 1094 4893 illia
1105 4832 1235 4895 DIaboli
1252 4851 1302 4911 es,
1320 4835 1406 4896 uude
1422 4837 1526 4897 etiam
1543 4837 1655 4898 omnia
1671 4837 1769 4898 itine-

221 4953 237 4994 a
257 4953 294 4994 ra
311 4942 369 4997 tua
386 4937 511 5012 injusta
528 4941 617 5009 sunt,
635 4940 669 4994 et
685 4934 796 4994 nescis
813 4950 880 5012 quo
897 4935 1004 4996 vadis.
1022 4935 1242 4998 Murmuratio
1258 4955 1392 5016 quoque
1407 4946 1441 5000 et
1457 4940 1609 5018 deceptio
1625 4940 1767 5001 diaboli-

220 5057 236 5097 »
256 5055 372 5100 carum
389 5039 644 5116 suggestionum
662 5037 764 5100 ubera
781 5037 942 5099 vitiorum
958 5043 1093 5100 tuorum
1110 5046 1199 5115 sunt,
1218 5042 1297 5118 quia
1314 5041 1416 5103 ubera
1435 5043 1539 5104 scorti
1556 5043 1662 5120 sugis,
1677 5043 1765 5104 unde
