3998 6100
851 514 877 560 S.
908 507 1190 562 llILDEGdRDlS

945 735 1096 798 LXVllll.

885 946 932 1007 De
948 943 1161 1020 „t'ocrtletrice¹

285 1153 338 1217 82.
364 1154 427 1216 Sed
445 1157 545 1216 tertia
563 1156 674 1232 imago
697 1155 876 1231 iaculatrix
894 1155 926 1214 in
944 1156 1187 1230 significatione
1212 1173 1273 1216 sua
1290 1159 1354 1230 est;
1372 1171 1458 1232 quae
1483 1153 1636 1216 homines
1652 1173 1671 1216 a
1688 1155 1798 1217 coele-

237 1263 350 1323 stibus
373 1263 415 1323 ad
438 1263 573 1342 diversa
598 1262 792 1338 spectacula
817 1261 1121 1322 inconvenientium
1145 1269 1295 1322 motuum
1320 1261 1457 1322 trahens
1480 1262 1713 1338 petulantiam,
1740 1259 1797 1320 bic

238 1355 471 1444 subsequitur,
490 1369 649 1444 quoniam
665 1368 758 1426 velut
774 1367 886 1426 fistula
903 1372 936 1426 et
952 1367 1045 1425 velut
1061 1368 1190 1426 musica
1209 1367 1299 1426 illius
1315 1373 1379 1442 est;
1397 1368 1476 1445 quia
1494 1383 1570 1426 eum
1588 1367 1687 1444 hujus
1704 1367 1795 1427 modi

238 1468 395 1530 homines
417 1469 571 1544 fatigatio
594 1477 628 1530 et
645 1469 791 1530 taedium
816 1469 997 1545 petulantis
1022 1470 1124 1528 animi
1148 1471 1201 1530 sui
1225 1471 1385 1546 tetigerit,
1411 1471 1497 1531 alios
1519 1470 1614 1546 iocos
1637 1471 1730 1530 velut
1753 1467 1795 1530 ad

235 1573 470 1648 respirandum
494 1574 745 1649 aggrediuntur;
763 1578 797 1632 et
815 1574 940 1632 bomini
957 1575 1177 1648 assimilatur,
1194 1581 1333 1650 excepto
1356 1575 1446 1652 quod
1463 1582 1655 1636 tortuosum
1671 1587 1791 1635 nasum

235 1673 348 1745 habet,
366 1676 445 1751 quia
463 1675 550 1735 idem
566 1676 687 1735 vitium
705 1677 737 1734 in
756 1677 896 1734 seientia
913 1675 992 1734 boni
1013 1683 1047 1734 et
1063 1676 1153 1750 mali,
1173 1677 1356 1737 secundum
1379 1677 1548 1736 desideria
1564 1678 1740 1737 oculorum
1757 1682 1791 1736 et

235 1780 360 1855 carnis,
378 1777 530 1839 homines
548 1780 589 1840 ad
607 1796 644 1839 se
660 1781 799 1855 colligit;
818 1785 851 1838 et
869 1780 901 1838 in
919 1781 1023 1839 stulta
1048 1781 1240 1856 insipientia
1259 1797 1297 1840 ac
1315 1782 1348 1839 in
1365 1782 1469 1841 stulto
1494 1779 1678 1854 intellectu,
1697 1780 1792 1840 velut

241 1885 276 1944 in
293 1883 428 1944 informi
449 1900 543 1960 naso,
560 1883 665 1944 Deum
681 1901 745 1943 non
762 1899 838 1942 esse
854 1883 945 1944 dicit.
963 1882 1026 1942 Sed
1048 1885 1137 1961 quod
1155 1901 1273 1945 manus
1295 1885 1369 1961 ejus
1386 1891 1423 1946 ut
1440 1884 1542 1962 pedes
1566 1885 1638 1944 ursi
1656 1890 1745 1959 sunt,
1762 1891 1798 1944 et

238 1989 328 2066 quod
345 1989 449 2066 pedes
470 1991 577 2066 ipsius
595 1995 631 2048 ut
648 1989 749 2066 pedes
766 1989 909 2064 grifonis
925 1996 1096 2065 apparent,
1116 1990 1178 2050 hoo
1202 1991 1360 2066 estquod
1378 1990 1537 2050 sordidos
1559 2005 1671 2050 mores
1687 1993 1721 2049 et
1739 1991 1801 2050 irn-

238 2095 363 2155 munda
380 2111 483 2172 opera
503 2095 655 2154 homines
672 2093 795 2154 habore
813 2093 904 2169 iacit,
922 2100 956 2153 et
973 2095 1061 2170 quod
1078 2096 1179 2155 etiam
1197 2096 1230 2155 in
1247 2097 1402 2172 vestigiis
1420 2097 1556 2172 rapinae
1572 2095 1655 2154 nulli
1672 2095 1795 2171 paruit,

244 2199 303 2258 ubi
321 2200 502 2275 quicquain
518 2213 578 2274 per
593 2197 807 2258 dolositatem
825 2199 908 2258 artis
926 2211 1006 2258 suae
1023 2199 1168 2275 diripere
1185 2200 1318 2275 poterit.
1335 2200 1417 2259 Nam
1439 2215 1499 2275 per
1525 2197 1587 2257 hoc
1603 2197 1724 2258 vitium
1740 2196 1800 2256 bo-

243 2304 351 2363 mines
368 2304 478 2379 magis
500 2304 687 2378 spoliantur
704 2319 804 2379 quam
821 2303 947 2379 aliquid
972 2304 1129 2363 utilitatis
1147 2312 1405 2382 consequantur.
1422 2305 1543 2380 Nigros
1568 2309 1680 2363 autern
1696 2303 1800 2380 capil—
1852 2331 1856 2336 ·

243 2407 295 2466 los
313 2405 426 2480 habet,
443 2413 477 2466 et
493 2406 618 2482 pallida
635 2411 729 2466 veste
746 2405 907 2480 induitur,
925 2407 1084 2482 quoniam
1101 2408 1134 2466 in
1151 2408 1322 2483 nigredine
1338 2408 1527 2467 vanitatum
1550 2405 1661 2466 omnia
1676 2406 1801 2483 princi-

244 2511 301 2594 pia
318 2525 458 2586 operum
479 2527 617 2570 suorum
638 2509 797 2580 offuscat,
814 2510 922 2569 lenem
939 2511 1101 2570 laetitiam
1120 2512 1184 2572 sibi
1200 2513 1301 2572 etiam
1320 2514 1586 2589 circumponens
1605 2512 1685 2588 quia
1700 2511 1803 2572 mori-

235 2593 307 2672 ‘bus
324 2613 489 2690 cujusque
514 2612 660 2672 hominis
677 2628 713 2672 se
736 2618 884 2688 coaptat,
901 2619 939 2680 ut
953 2629 1014 2689 per
1030 2613 1092 2674 hoc
1108 2630 1167 2674 eos
1185 2615 1249 2674 sibi
1268 2613 1455 2684 attrahens
1473 2630 1531 2674 eos
1549 2627 1663 2673 seeum
1684 2611 1800 2672 ludere

247 2715 359 2790 iaciat,
378 2715 658 2795 quemadmodum
675 2718 777 2776 etiam
795 2718 828 2776 in
845 2718 1011 2778 locutione
1028 2735 1089 2779 sua
1106 2720 1262 2795 superius
1279 2719 1439 2780 declarat.
1461 2719 1524 2780 Sed
1540 2735 1605 2780 vox
1623 2719 1687 2780 sibi
1705 2733 1804 2795 repu-

247 2823 382 2898 gnantis
405 2821 663 2882 verecundiaee
686 2828 804 2882 contra
820 2823 954 2899 clamat,
973 2831 1007 2884 et
1029 2831 1067 2884 ut
1082 2825 1234 2885 homines
1259 2826 1469 2886 honestatem
1487 2839 1617 2885 morum
1642 2821 1801 2897 habeant,

243 2925 425 3002 persuadet
440 2920 477 3004 ¹).

975 3135 1065 3199 Lxx,

878 3347 925 3411 De
950 3351 1174 3412 obduratione,

293 3551 345 3619 83.
371 3556 497 3630 Quarta
515 3561 627 3618 autem
645 3555 755 3635 imago
780 3558 1036 3620 obdurationem
1052 3561 1210 3636 ostendit,
1228 3575 1314 3637 quae
1340 3559 1393 3621 bic
1407 3559 1639 3637 joculatricem
1663 3558 1805 3620 eomita-

247 3669 312 3724 tur:
329 3663 488 3740 quoniam
505 3679 580 3724 curn
598 3663 697 3724 homo
715 3664 748 3722 in
765 3662 956 3740 hujusmodi
970 3665 1233 3741 Joeulationibus
1259 3665 1430 3742 fatigatus,
1449 3665 1596 3726 taedium
1619 3667 1801 3742 acceperit,

247 3769 447 3829 obduratam
476 3775 621 3828 mentem
646 3767 770 3828 habere
800 3769 927 3846 incipit,
953 3771 1032 3846 quia
1056 3771 1195 3831 coelesti
1219 3786 1295 3831 rore
1319 3776 1431 3831 taetus
1454 3787 1519 3832 non
1542 3777 1608 3846 est,
1639 3771 1685 3831 ita
1712 3769 1803 3847 quod

248 3877 351 3936 etiam
375 3882 519 3936 mentem
545 3893 640 3936 suam
665 3891 725 3936 nee
751 3877 824 3953 lege
846 3884 1113 3956 praeceptorum,
1138 3895 1200 3939 nee
1224 3886 1337 3939 aratro
1366 3879 1615 3955 scripturarum
1644 3878 1802 3954 sulcavit;

248 3979 335 4039 unde
359 3979 462 4038 etiam
480 3979 560 4055 quid
584 3980 629 4040 sit
645 3980 769 4040 bonum
793 3981 1062 4058 refraenationiS,
1080 4001 1145 4044 non
1170 3984 1283 4044 sentit.
1299 3981 1340 4042 Et
1361 3982 1458 4060 quasi
1483 3983 1608 4042 densus
1632 3981 1744 4042 sumus
1761 3981 1804 4042 ad

237 4091 415 4145 staturam
438 4082 584 4143 bominis
608 4091 671 4159 est,
698 4087 854 4160 quoniam
879 4087 970 4146 nulla
988 4089 1145 4162 tenuitas,
1172 4089 1230 4148 sed
1254 4089 1418 4164 quaedam
1442 4088 1585 4147 firmitas
1609 4087 1802 4147 malitiosae

248 4189 468 4265 malignitatis
486 4189 519 4248 in
535 4187 754 4250 obduratione
770 4197 833 4264 est,
852 4196 885 4250 et
902 4191 965 4250 hoc
982 4191 1164 4250 secundum
1181 4209 1372 4252 mensuram
1399 4193 1558 4267 hominis,
1576 4171 1655 4268 quia
1672 4190 1801 4251 nullum

248 4293 375 4352 malum
399 4291 462 4352 sub
485 4290 630 4366 homine,
656 4307 717 4353 nec
741 4309 844 4369 supra
861 4293 1029 4353 hominem
1054 4300 1107 4354 est
1122 4292 1162 4375 ²),
1188 4297 1276 4374 quod
1302 4298 1372 4373 ipse
1398 4297 1431 4356 in
1456 4295 1615 4372 operibus
1639 4295 1711 4355 suis
1734 4293 1802 4356 non

251 4393 523 4472 comprehendre
549 4396 706 4471 quoniam
723 4412 783 4457 nec
805 4414 958 4473 parvum,
976 4415 1036 4458 nec
1061 4415 1218 4474 magnum
1236 4402 1360 4460 malum
1384 4408 1448 4475 est,
1467 4401 1500 4460 in
1517 4415 1583 4476 quo
1608 4400 1801 4460 malitiosus

248 4502 348 4562 homo
364 4516 430 4559 non
453 4499 648 4560 delectetur.
666 4499 758 4572 Quod
783 4507 895 4561 autem
910 4504 1003 4562 nulla
1027 4505 1176 4564 membra
1194 4505 1357 4566 humanae
1382 4503 1507 4566 formae
1530 4503 1642 4579 babet,
1660 4507 1801 4579 excepto

250 4603 339 4683 quod
355 4601 500 4679 grandes
516 4609 550 4662 et
565 4603 652 4678 nigri
670 4604 757 4662 oculi
776 4605 808 4664 in
825 4620 864 4665 eo
883 4604 1055 4681 apparent,
1073 4607 1136 4666 hoc
1152 4615 1204 4668 est
1228 4611 1317 4685 quod
1334 4607 1420 4668 idem
1437 4608 1558 4667 vitium
1583 4607 1735 4667 homines
1752 4607 1801 4668 ita

250 4709 396 4783 indurat,
415 4708 504 4784 quod
531 4709 709 4782 imaginem
724 4709 783 4767 Dei
801 4725 861 4769 nec
878 4711 980 4783 seire,
998 4727 1058 4770 nec
1076 4728 1278 4788 cognoscere
1302 4715 1336 4772 in
1352 4715 1430 4773 aliis
1454 4712 1646 4773 hominibus
1670 4712 1800 4787 volunt,

247 4819 326 4896 quia
344 4818 409 4894 ipsi
424 4817 551 4876 nullam
568 4815 806 4890 benignitatem
825 4817 998 4892 habentes,
1017 4819 1144 4896 absque
1161 4821 1250 4880 omni
1268 4822 1500 4881 misericordia
1516 4824 1550 4880 et
1566 4819 1800 4880 benevolentia

252 4927 341 4999 sunt;
361 4921 420 4980 sed
445 4921 478 4979 in
499 4920 727 4996 magnitudine
751 4922 996 4983 maledictionis
1022 4940 1060 4984 ac
1085 4925 1118 4984 in
1142 4925 1313 4999 nigredine
1329 4921 1353 5004 ³)
1379 4927 1558 4987 oblivionis
1581 4925 1639 4985 Dei
1660 4925 1804 4984 circum-

250 5027 408 5104 spiciunt,
425 5032 625 5103 quaerentes
643 5042 742 5102 quem
759 5043 834 5088 cum
851 5044 978 5089 veneno
997 5029 1140 5089 invidiae
1157 5032 1249 5090 velut
1272 5047 1397 5092 veneno
1422 5032 1576 5108 aspidum
1600 5029 1803 5093 laedantur

287 5169 309 5236 ¹)
321 5171 483 5242 persuadent
496 5171 541 5227 W.
559 5203 591 5210 -
603 5172 625 5238 ²)
638 5177 675 5228 eat
688 5187 744 5230 om.
760 5169 793 5228 t.
809 5171 875 5228 dein
889 5173 927 5231 id.
942 5173 1155 5247 comprehendat.
1174 5205 1206 5213 -
1219 5170 1241 5240 ³)
1255 5189 1287 5228 oc
1300 5172 1442 5243 nigredine
1454 5171 1487 5226 Α.
