3992 6092
267 445 309 506 76
846 465 872 508 s.
902 461 1172 510 nrnoscsnors

231 585 334 659 sistit,
350 602 409 644 neo
425 602 462 644 se
478 585 511 644 in
528 585 628 644 ullam
646 585 878 645 diversitatem
895 586 1146 646 contrarietatis
1162 587 1294 662 dividit,
1310 588 1465 663 quamvis
1482 587 1634 648 homines
1651 589 1778 648 multas

229 687 445 749 diversitates
468 687 503 747 in
521 687 669 746 moribus
689 689 760 747 suis
786 687 941 762 habeant,
963 694 997 747 et
1013 688 1101 764 quod
1119 690 1222 750 eliam
1243 706 1359 751 omnes
1377 691 1545 766 sapientes
1567 697 1637 750 tam
1653 691 1779 752 veteris

225 805 326 866 quam
350 790 429 850 novi
443 790 646 851 Testamenti
666 789 708 850 de
726 790 860 851 Christo
877 790 1043 866 dixerunt,
1060 787 1083 871 ¹)
1109 808 1212 852 unum
1229 795 1351 869 inipso
1377 792 1548 854 iacientes.
1565 794 1604 854 Et
1620 795 1655 853 in
1671 794 1785 869 nigre-

224 893 302 953 dine
318 899 381 968 est,
400 894 479 970 quia
497 893 705 953 rationalitas
722 894 757 953 in
773 893 917 953 humano
935 909 1035 955 sensu
1059 895 1102 954 ed
1118 911 1254 956 carnem
1276 897 1410 971 saepius
1435 897 1630 972 inclinatur,
1648 903 1683 956 et
1698 897 1780 972 quia

227 999 361 1075 saepius
385 999 487 1058 etiam
504 998 647 1058 miratur
671 1014 757 1075 quae
773 1005 807 1058 et
823 1000 937 1075 qualia
960 999 1043 1060 haec
1060 1001 1128 1061 sint
1144 1000 1185 1061 de
1209 1002 1332 1078 quibus
1352 1002 1514 1076 loquitur,
1534 1000 1592 1060 sed
1617 999 1780 1060 tamenin

226 1103 300 1162 luce
317 1103 493 1162 stellarum
509 1103 609 1176 lucet,
628 1101 787 1178 quoniam
803 1102 884 1162 tides
900 1107 935 1162 et
950 1103 1173 1180 intelligentia
1188 1105 1220 1164 in
1247 1104 1437 1165 hominibus
1454 1107 1543 1179 sunt,
1561 1103 1641 1180 quia
1666 1117 1725 1179 per
1742 1101 1782 1162 fl-

227 1207 303 1266 dem
329 1206 364 1265 in
378 1205 482 1266 Deum
506 1205 658 1280 credunt,
684 1221 782 1281 quem
801 1205 915 1266 videre
939 1223 1004 1266 non
1020 1210 1171 1283 possunt,
1196 1209 1231 1268 et
1245 1209 1325 1284 quia
1348 1209 1451 1268 etiam
1474 1209 1508 1268 in
1531 1207 1705 1268 miraculis
1720 1205 1780 1264 Dei

226 1311 429 1386 intelligunt,
454 1325 541 1386 quae
569 1309 811 1385 intelligentiae
835 1325 950 1370 eorum
980 1311 1114 1386 saepius
1143 1311 1314 1384 laboriosa
1337 1311 1380 1370 ad
1408 1309 1659 1386 intelligendum
1688 1311 1779 1381 sunt,

227 1431 304 1474 cum
321 1429 356 1474 se
375 1431 393 1472 a
410 1412 477 1473 Deo
494 1418 627 1472 creatos
644 1428 719 1472 esse
736 1416 958 1488 cognoscunt.

946 1620 1071 1681 XXXII.

407 1828 567 1905 Mysteria
586 1828 707 1886 ceteris
723 1833 753 1886 et
780 1828 854 1886 noui
882 1826 1084 1887 Testamenti
1108 1834 1226 1887 contra
1248 1828 1400 1909 infideles
1421 1834 1598 1906 mantne.

271 2035 323 2096 tl.
349 2035 412 2095 Sed
429 2035 580 2095 candidis
597 2036 718 2096 litteris
735 2035 776 2095 de
792 2035 1018 2112 profunditate
1038 2036 1287 2112 praedictorum
1303 2038 1466 2097 librorum
1490 2037 1684 2110 contractis,
1703 2036 1782 2112 plu-

226 2139 329 2198 rimas
347 2139 533 2214 scripturas
549 2140 748 2215 compilatas
765 2140 799 2199 in
816 2155 851 2200 se
867 2139 980 2214 habet,
998 2140 1154 2216 quonlam
1172 2140 1384 2199 rationalitas
1403 2139 1438 2199 in
1456 2138 1631 2216 splendore
1648 2139 1782 2199 bonita-

228 2241 271 2300 tis
287 2240 345 2300 Dei
366 2243 527 2316 mysteria
543 2243 671 2303 veteris
686 2249 720 2302 et
736 2244 814 2302 novi
831 2243 1027 2303 Testimonii
1044 2245 1246 2318 congregata
1262 2243 1296 2302 in
1311 2243 1538 2303 exarationem
1555 2244 1588 2303 et
1604 2241 1781 2302 confirma·

226 2343 351 2404 tionem
364 2345 531 2420 proponit,
549 2361 627 2406 curn
643 2345 756 2406 fideles
774 2349 808 2406 et
823 2345 1003 2420 prudentes
1020 2345 1171 2406 homines
1187 2361 1228 2405 cx
1243 2345 1420 2406 catholicis
1443 2345 1606 2406 doctrinis
1624 2345 1683 2405 illa
1699 2359 1782 2404 con-

226 2452 392 2523 gerentes,
410 2464 488 2508 cum
503 2448 552 2509 ele
565 2450 637 2510 vias
653 2449 863 2510 rectitudinis
880 2452 996 2510 contra
1010 2449 1165 2510 tenebras
1180 2449 1387 2510 im‘idelItatis
1399 2452 1433 2509 et
1449 2455 1566 2509 contra
1579 2449 1689 2523 ipsum
1701 2446 1781 2507 Dia-

227 2553 340 2614 bolum
357 2555 488 2629 parant,
506 2559 540 2613 et
556 2553 620 2613 hoc
637 2555 670 2615 in
686 2554 744 2614 siti
761 2553 1010 2629 scripturarum
1027 2552 1165 2629 iaciunt,
1183 2554 1242 2614 ubi
1259 2569 1317 2614 aas
1334 2569 1454 2629 magno
1471 2552 1637 2614 desiderio
1655 2551 1782 2611 exhau-

228 2657 329 2732 riunt,
343 2671 406 2716 nec
418 2656 461 2716 ab
473 2656 536 2716 boc
548 2657 724 2732 desistunt,
739 2656 845 2717 donec
858 2673 990 2717 omnem
1003 2657 1244 2718 conscientiam
1260 2657 1372 2717 cordIs
1384 2659 1437 2718 sui
1448 2673 1509 2734 per
1526 2657 1601 2717 illas
1614 2656 1778 2732 repleant,

227 2762 316 2820 sicut
332 2777 392 2820 nec
407 2760 496 2822 Deus
513 2762 555 2822 ab
571 2777 672 2838 opere
689 2777 749 2821 suo
766 2761 923 2836 cessavit,
938 2762 1044 2821 donec
1062 2761 1144 2821 illud
1162 2761 1203 2820 ad
1219 2759 1405 2837 perfectum
1422 2759 1587 2838 perduxit.
1601 2759 1686 2820 Nam
1701 2773 1779 2818 cum

230 2861 422 2937 Scripturas
439 2862 610 2923 subtiliter
625 2863 817 2939 inspiciunt,
836 2862 1072 2939 subtiliterque
1088 2862 1290 2938 excribraut,
1307 2860 1412 2922 Deum
1435 2867 1648 2936 venerantur,
1666 2875 1705 2920 ac
1721 2875 1784 2920 no·

231 2981 306 3025 men
322 2965 394 3042 ejus
420 2965 646 3041 magnificant,
665 2965 821 3042 quoniam
845 2965 881 3024 in
897 2981 962 3042 quo
979 2965 1130 3026 homines
1147 2965 1334 3040 aedificant,
1353 2964 1513 3026 bonorem
1534 2964 1635 3026 etiam
1650 2963 1710 3023 Dei
1727 2963 1781 3022 in-

230 3070 378 3145 quirunt,
398 3076 434 3130 ut
451 3069 630 3130 Psalmista
646 3068 752 3130 David
769 3068 860 3129 dicit.
879 3065 905 3148 ²)

937 3283 1079 3345 XXXIII.

782 3491 889 3552 David
912 3492 957 3552 ad
979 3492 1129 3552 eamdem
1153 3513 1233 3554 rem.

279 3698 332 3760 m.
358 3700 477 3761 Omnes
493 3703 618 3776 pentes,
640 3717 862 3776 quascumque
878 3699 999 3776 fecisti,
1017 3702 1165 3770 venient,
1184 3705 1216 3758 et
1232 3699 1415 3760 αάοναὸιιηί
1433 3717 1543 3761 coram
1559 3707 1602 3776 te,
1627 3702 1780 3777 Domine,

238 3811 269 3865 et
293 3801 519 3883 plorificabnnt
544 3819 664 3861 nomen
688 3807 798 3872 tunm,
823 3802 979 3878 qnoniam
1002 3819 1141 3879 mopsus
1165 3819 1200 3860 es
1224 3807 1277 3873 tu,
1301 3808 1332 3862 et
1349 3805 1478 3881 faciens
1493 3801 1674 3874 mirabilia,
1692 3809 1730 3864 ta
1745 3822 1781 3862 es

235 3912 322 3971 Deus
346 3906 445 3967 solos.
471 3905 574 3980 Cuius
599 3919 718 3965 sensus
742 3905 820 3965 talis
840 3908 901 3965 est.
920 3904 1042 3966 Omnes
1058 3911 1232 3965 creaturas
1248 3903 1336 3965 Deus
1354 3903 1442 3980 lecit,
1461 3907 1494 3966 et
1509 3907 1547 3965 ut
1563 3905 1665 3966 etiam
1681 3905 1781 3966 homo

235 4027 337 4087 opera
349 4010 559 4086 operaretur,
569 4007 733 4084 permisit3
745 4007 897 4069 homines
910 4010 998 4068 enim
1012 4010 1204 4084 operantur,
1213 4007 1358 4070 formant
1370 4012 1404 4069 et
1413 4009 1630 4086 jubentNam
1644 4010 1677 4069 in
1689 4023 1783 4069 crea·

236 4105 321 4175 turis
334 4113 526 4188 operantur,
540 4116 574 4172 et
587 4111 770 4172 secundum
783 4111 873 4186 ipsas
885 4112 952 4172 alia
964 4127 1117 4188 quaeque
1131 4111 1276 4172 formant
1288 4127 1374 4187 quse
1387 4112 1515 4189 volunt,
1529 4113 1652 4190 quibus
1666 4113 1780 4172 tamen

236 4218 393 4296 spiritum
409 4214 488 4275 dare
504 4231 571 4276 non
586 4218 737 4293 possunt3
756 4231 796 4275 ac
812 4215 935 4290 quibus
951 4221 1123 4291 praesunt,
1143 4221 1324 4292 praccepta
1340 4215 1525 4292 imponunt.
1541 4216 1580 4276 Et
1597 4215 1676 4290 quia
1692 4213 1782 4274 Deus

237 4321 404 4383 hominem
421 4319 560 4395 creavit,
577 4326 613 4381 ct
627 4335 704 4380 eum
720 4318 902 4397 spiramine
918 4319 1057 4396 spiritus
1073 4319 1127 4379 sui
1144 4318 1185 4380 sd
1201 4319 1305 4380 vitam
1326 4320 1514 4395 suscitavit,
1531 4335 1648 4380 omnes
1663 4319 1780 4394 gentes

235 4440 323 4504 quae
348 4439 389 4484 cx
411 4423 516 4484 Adam
544 4427 643 4484 natae
666 4426 754 4498 sunt,
784 4422 914 4484 tactura
937 4421 995 4482 Dei
1020 4423 1211 4498 existentes,
1236 4423 1271 4482 in
1294 4424 1466 4484 voluntate
1491 4439 1552 4483 sua
1578 4425 1712 4483 venient
1739 4421 1782 4482 ad

234 4529 352 4604 Deum,
369 4529 532 4605 quaerent
547 4526 727 4608 adorantes
743 4541 857 4587 coram
875 4525 993 4586 eodem
1007 4524 1160 4600 Domino,
1177 4525 1236 4585 ubi
1251 4541 1373 4586 nomen
1391 4525 1497 4603 ipsius
1519 4525 1686 4600 invocant,
1704 4540 1782 4584 cum

237 4649 314 4695 eum
333 4631 492 4705 sentiunt,
511 4630 669 4706 quoniam
686 4629 784 4689 abeo
801 4628 975 4690 discedere
993 4645 1058 4689 non
1074 4634 1228 4706 possunt,
1244 4628 1522 4705 quemadmodum
1545 4629 1635 4688 filius
1652 4631 1784 4704 ignora·

238 4751 274 4796 re
292 4751 356 4796 non
380 4733 505 4810 poterit
520 4748 620 4810 quem
645 4734 773 4809 patrem
792 4730 923 4795 habeat.
948 4733 988 4793 Et
1005 4733 1053 4792 sic
1077 4731 1264 4808 glorificant
1287 4747 1408 4792 nomen
1422 4731 1494 4806 Dei,
1520 4748 1595 4792 cum
1617 4731 1658 4792 ad
1678 4731 1781 4791 Deum

237 4841 394 4914 clamant,
411 4841 445 4899 et
461 4854 537 4898 cum
553 4837 656 4898 Deum
683 4838 848 4898 invocant.
866 4837 929 4897 Sed
953 4836 1088 4914 quidam
1106 4835 1258 4896 homines
1275 4851 1359 4912 opus
1384 4852 1543 4897 manuum
1560 4851 1696 4896 suarum
1721 4851 1782 4911 pro

240 4943 308 5003 Deo
333 4925 467 5015 haberit,
492 4947 527 5002 et
551 4941 639 5001 idem
663 4957 747 5018 opus
767 4941 855 5000 Deus
872 4941 1053 5013 nominant,
1071 4941 1105 5000 ct
1122 4938 1185 5000 boc
1201 4939 1378 4999 consilium
1395 4939 1525 5000 Diaboli
1542 4944 1604 5012 est,
1623 4953 1699 4998 cum
1716 4952 1783 5012 quo

277 5105 297 5170 ¹)
312 5123 396 5162 anum
408 5107 439 5163 de
453 5106 561 5165 cinon
573 5109 705 5164 dixerunt
718 5105 763 5161 W.
783 5137 812 5146 -
829 5137 860 5145 --
873 5108 895 5168 ²)
911 5106 954 5161 rs.
971 5103 1115 5168 LXXXV,
1131 5110 1155 5162 o.
1172 5105 1333 5176 Inquirunt
1351 5147 1356 5160 .
1374 5105 1447 5160 dixit
1461 5103 1494 5158 A.
