3992 6092
283 497 328 563 lto
863 513 889 559 s.
920 505 1189 560 nrnnucnanfs

250 650 315 695 uon
332 632 471 710 aspexit.
490 633 529 691 Et
546 629 634 691 Deus
660 631 770 690 omnia
795 631 1059 707 comprehendit,
1086 633 1243 709 quoniam
1262 632 1372 692 omnia
1395 641 1555 708 operatus
1573 635 1636 709 est,
1661 640 1694 694 et
1711 629 1801 712 quod

249 741 280 798 el
299 740 458 814 placitum
476 738 559 812 erat,
580 735 668 796 fecit.

988 942 1055 1003 LVI

363 1151 451 1218 Deus
468 1155 602 1216 nullum
619 1153 786 1214 homiaem
803 1153 939 1226 creavit,
957 1153 993 1210 iu
1012 1169 1076 1229 quo
1092 1151 1323 1213 scientiolam
1339 1159 1368 1212 et
1386 1155 1468 1213 mali
1484 1171 1550 1213 non
1567 1154 1683 1230 fuerit.

292 1367 345 1426 65.
371 1365 456 1426 Num
480 1364 571 1424 ullus
595 1361 694 1422 bomo
721 1361 754 1420 ln
779 1361 900 1420 mundo
926 1359 1003 1434 fuit,
1031 1361 1155 1436 inquo
1179 1361 1320 1420 scientia
1344 1361 1420 1421 boni
1445 1367 1480 1419 et
1500 1361 1579 1420 mali
1596 1375 1661 1420 non
1678 1358 1798 1420 fueril‘f

246 1471 325 1530 Non.
339 1469 386 1528 De
399 1467 540 1528 scientia
553 1466 642 1525 enirn
654 1466 733 1526 boni
749 1469 783 1524 et
800 1465 880 1524 mali
897 1464 995 1524 bomo
1013 1479 1164 1524 amorem
1180 1467 1214 1522 ct
1231 1464 1388 1524 timorem
1405 1465 1445 1524 ad
1462 1464 1565 1524 Deum
1584 1463 1695 1538 babet,
1713 1481 1796 1540 qua·

249 1578 348 1632 tenus
373 1572 406 1630 in
431 1570 498 1629 illis
523 1573 673 1629 aratrum
698 1565 938 1644 apprehendat,
963 1573 997 1626 et
1021 1581 1140 1642 agrum
1158 1581 1258 1626 suurn
1276 1565 1406 1625 fructus
1423 1567 1560 1642 gignere
1577 1564 1689 1640 faciat,
1708 1571 1742 1625 et
1760 1571 1796 1625 ut

247 1677 384 1737 inutiles
408 1675 531 1734 herbas
554 1673 698 1746 devitet,
725 1687 764 1730 ac
788 1677 825 1730 ut
848 1685 908 1730 cas
931 1671 1096 1744 eradicet,
1122 1684 1185 1731 nec
1211 1670 1244 1729 fn
1268 1668 1333 1729 hoc
1358 1670 1472 1730 labore
1496 1669 1641 1729 taedium
1660 1669 1794 1742 babeat,

245 1780 334 1858 quod
358 1794 516 1855 magnum
540 1775 769 1837 testimonium
793 1779 828 1833 ot
850 1789 971 1849 magna
996 1789 1050 1834 res
1074 1779 1142 1848 est,
1160 1773 1240 1850 quia
1258 1774 1389 1836 coelum
1405 1775 1439 1833 et
1455 1776 1547 1834 terra
1563 1773 1626 1834 hoc
1641 1779 1796 1835 evertere

244 1902 310 1947 non
333 1889 492 1961 possunt,
518 1880 676 1958 quonlam
700 1877 830 1938 coelum
854 1883 888 1937 et
912 1884 1003 1938 terra
1027 1877 1069 1938 ad
1093 1877 1185 1938 aliud
1209 1893 1275 1938 non
1299 1877 1455 1952 tendunt,
1472 1872 1495 1955 ι)
1521 1893 1621 1954 quam
1642 1877 1684 1936 ad
1703 1877 1794 1937 idad

246 1989 336 2067 quod
360 1988 470 2064 posita
495 1987 583 2046 sunt.
600 1983 663 2056 Qui
679 1987 792 2042 autern
813 1982 903 2042 vitae
919 1981 1122 2042 desiderium
1140 1979 1252 2056 habet,
1271 1981 1304 2041 in
1321 1981 1379 2042 illo
1395 1981 1478 2041 baec
1495 1981 1598 2041 verba
1614 1981 1791 2058 percipiat,

244 2095 390 2156 accain
408 2092 548 2152 interius
566 2087 759 2149 cubiculum
776 2086 890 2147 cordis
908 2087 960 2145 sui
979 2085 1148 2146 recondat.

289 2198 343 2259 66.
365 2198 406 2257 Et
422 2211 499 2257 ecce
516 2192 687 2271 praefatae
704 2191 929 2252 multitudinis
947 2191 1032 2251 alios
1049 2191 1213 2266 malignos
1226 2190 1295 2252 vidi
1313 2191 1465 2267 spiritus,
1480 2193 1537 2268 qui
1551 2193 1656 2252 multo
1670 2192 1796 2252 clarno-

242 2319 278 2362 re
302 2300 577 2362 vociferabantur
600 2296 767 2356 dicentes:
794 2295 940 2367 «Quare
964 2294 1098 2355 Lucifer
1114 2309 1233 2355 servus
1251 2294 1470 2370 subiectionis
1490 2300 1598 2371 esset,
1623 2311 1699 2355 cum
1715 2311 1793 2356 eum

244 2424 260 2462 a
279 2403 454 2464 Dominum
471 2415 548 2460 esse
564 2399 697 2460 deceat?
715 2418 731 2456 a
751 2399 810 2458 lsti
828 2397 916 2457 enirn
934 2397 1126 2458 bominibus
1150 2397 1369 2458 voracitatem
1387 2403 1592 2474 proponunt,
1618 2414 1656 2458 ac
1673 2413 1732 2460 eos
1749 2399 1791 2460 ad

241 2509 370 2571 ventris
388 2506 567 2582 ingluviem
586 2503 801 2564 suasionibus
815 2501 887 2562 suis
902 2501 1038 2562 ducunt.

969 2725 1062 2787 LVII.

836 2922 882 2981 De
900 2921 1060 2998 irrpluriet
1075 2937 1193 2997 poena.

285 3136 337 3197 67.
362 3135 402 3196 Et
426 3149 583 3208 magnum
608 3131 718 3207 ignem
744 3129 878 3190 tortiler
894 3128 1068 3190 ardentem
1084 3128 1171 3204 vidi,
1189 3127 1247 3204 qui
1263 3129 1367 3188 etiarn
1383 3129 1561 3205 quamdam
1580 3130 1789 3206 nigredinem

240 3245 273 3303 in
297 3259 333 3304 se
358 3240 518 3314 babebat,
545 3238 578 3297 in
594 3251 661 3312 qua
677 3233 775 3295 valde
792 3233 941 3296 ardebat.
959 3233 996 3292 ln
1013 3233 1088 3308 igne
1105 3235 1217 3293 autern
1232 3233 1298 3292 Isto
1314 3239 1349 3292 et
1365 3234 1398 3293 in
1415 3233 1588 3310 nigredine
1604 3235 1689 3310 eius,
1716 3236 1788 3296 ani-

240 3362 314 3406 mae
328 3359 414 3422 quae
430 3341 556 3401 ventris
572 3338 755 3416 fngluviem
773 3339 805 3396 in
822 3336 1020 3412 corporibus
1037 3337 1109 3396 suis
1125 3336 1322 3411 dilexerant,
1339 3337 1572 3411 puniebantur.
1592 3337 1700 3398 Sedet
1713 3342 1790 3416 qui-

236 3453 314 3512 dam
336 3449 378 3510 de
401 3445 585 3524 praedictis
609 3443 786 3520 spiritibus
811 3441 974 3518 quasdam
999 3440 1165 3500 scintillas
1185 3440 1228 3500 ab
1245 3440 1361 3518 eodem
1379 3443 1454 3517 igne
1470 3448 1707 3517 excusserunt,
1726 3459 1789 3518 per

241 3570 328 3632 quas
350 3551 485 3612 easdem
510 3549 639 3608 animas
656 3541 862 3621 affligebant,
879 3543 1040 3604 dicentes:
1068 3542 1222 3603 lulach!
1244 3543 1328 3604 istac
1345 3559 1489 3621 corpora
1512 3545 1690 3621 plusquam
1715 3547 1788 3606 ani-

238 3673 344 3720 »mas
361 3671 441 3716 suas
457 3653 654 3713 dilexerunt.
674 3667 690 3706 a
709 3649 791 3708 Nam
808 3654 945 3725 propter
966 3664 1123 3723 magnum
1140 3649 1325 3724 appetitum
1341 3649 1493 3708 ciborum
1509 3653 1544 3708 et
1559 3655 1710 3724 potuum,
1729 3651 1786 3711 cui

235 3777 377 3840 corpora
401 3773 464 3819 sua
485 3755 737 3828 fnsudaverant,
755 3753 833 3813 dum
851 3753 890 3824 in¹
902 3751 1029 3812 eisdem
1046 3752 1246 3827 corporibus
1263 3752 1334 3812 suis
1353 3752 1508 3828 fuissent,
1526 3753 1679 3814 ardorem
1697 3755 1789 3831 ignis

236 3866 336 3943 hujus
361 3859 561 3934 sentiebant;
587 3862 620 3917 et
644 3862 781 3933 propter
805 3855 951 3932 plurima
976 3854 1062 3914 mala
1086 3869 1173 3931 quae
1190 3869 1249 3930 per
1265 3854 1414 3914 eamdem
1431 3857 1650 3918 voracitatem
1666 3873 1787 3936 perpe-

238 3971 420 4040 traverant,
438 3963 644 4039 nigredinem
662 3960 761 4038 hujus
776 3957 802 4041 ²)
822 3959 1044 4032 sustinebant;
1062 3975 1101 4018 ac
1118 3958 1275 4034 quoniam
1291 3957 1374 4018 haec
1391 3961 1502 4020 omnia
1519 3977 1578 4037 per
1594 3979 1712 4022 vanam
1731 3979 1790 4024 su·

238 4072 462 4150 perfluitatem
481 4068 646 4139 fecerant,
664 4065 831 4126 scintillas
847 4063 997 4139 eJusdem
1020 4063 1107 4138 ignis
1124 4068 1158 4122 et
1174 4062 1285 4122 visum
1301 4062 1494 4123 eorumdem
1513 4065 1691 4139 spirituum
1708 4082 1789 4143 pas-

241 4195 299 4239 sae
317 4180 404 4236 sunt.
422 4173 461 4232 El
478 4188 538 4247 per
552 4172 722 4230 vacntem
739 4167 899 4244 Spiritum
916 4167 985 4226 vidi
1002 4173 1035 4226 et
1053 4167 1200 4227 intellexi
1218 4167 1310 4228 baec.

958 4391 1065 4453 LVIII.

797 4590 843 4649 De
867 4588 963 4666 puloe
985 4588 1202 4664 poetriteutio.

281 4803 334 4864 68.
361 4803 400 4862 El
418 4802 539 4862 iterum
556 4799 596 4858 de
613 4796 785 4874 praedIcta
802 4796 935 4856 vivente
952 4795 1026 4854 luce
1042 4792 1288 4853 audivivocem
1306 4793 1387 4854 mibi
1403 4795 1580 4856 dicentem:
1594 4796 1683 4858 Haec
1695 4815 1785 4876 quae

235 4909 341 4978 vides,
366 4922 446 4966 vera
470 4910 560 4977 sunt,
587 4899 739 4961 homines
761 4905 872 4958 autern
889 4899 1018 4958 ventris
1035 4897 1218 4973 ingluviem
1235 4899 1402 4972 amantes,
1421 4898 1450 4957 si
1468 4898 1529 4959 bas
1547 4899 1784 4962 infestationes

234 5013 433 5072 daemonum
458 5015 492 5068 et
518 5008 578 5066 bas
596 5003 752 5064 misellas
769 5017 950 5078 poenarum
968 5000 1109 5060 evadere
1126 5002 1304 5076 voluerint,
1323 5003 1560 5064 abstinentiam
1577 5005 1729 5064 ciborum
1746 5013 1783 5067 et

275 5163 295 5230 ¹>
310 5165 393 5220 tenua
407 5161 439 5217 Α.
457 5193 489 5201 -
503 5163 525 5228 ²>
540 5163 627 5234 ipsios
640 5155 673 5212 n.
