3992 6092
664 519 691 563 11
723 519 845 564 arnan
876 519 978 562 vira
1009 514 1246 561 unumunurn
1654 495 1692 554 8l

175 638 419 714 supradictum
436 643 499 709 est,
520 636 551 694 in
569 635 669 694 dictis
687 637 758 694 suis
777 635 936 694 declarat.
956 633 1017 692 Sed
1035 633 1279 692 examinatione
1293 626 1515 686 abstinentiae
1537 629 1582 687 illi
1602 629 1729 688 resisti-

175 747 240 812 tur,
260 747 293 799 et
312 757 353 798 ne
371 741 469 799 bomo
486 755 523 797 se
542 740 651 814 ipsum
671 738 820 813 inhujus
839 738 927 797 rnodi
945 737 1135 796 irrisionem
1155 735 1299 804 inducat,
1319 737 1558 790 commonetur.

906 948 997 1008 XLII.

819 1157 865 1216 De
892 1155 1086 1216 Acer-bitoito.

220 1365 275 1426 51.
302 1365 451 1426 Secunda
469 1373 581 1425 autem
600 1366 709 1440 imago
735 1363 954 1423 acerbitatem
971 1363 1190 1438 demonstrat,
1217 1378 1302 1439 quae
1325 1362 1376 1421 sui
1393 1362 1521 1422 ventris
1546 1365 1726 1440 ingluviem

175 1470 406 1546 subsequitur;
425 1469 505 1547 quia
521 1474 701 1546 postquam
718 1467 817 1527 homo
834 1467 936 1528 nimia
957 1467 1143 1527 voracitate
1160 1483 1196 1526 se
1220 1466 1423 1542 oneraverit,
1449 1467 1668 1528 acerbitatem
1686 1485 1724 1529 ac

174 1573 433 1634 amaritudinem
452 1573 486 1634 in
503 1573 734 1650 superfluitate
751 1572 903 1632 ciborum
920 1573 1073 1646 incurrit,
1090 1571 1183 1632 velut
1200 1569 1308 1630 biems
1325 1577 1402 1646 post
1414 1577 1577 1632 aestatem
1590 1573 1722 1634 accidit.

172 1675 213 1734 Et
230 1681 267 1734 ut
285 1675 463 1752 leopardus
480 1682 544 1750 est,
563 1675 720 1752 quoniam
738 1676 848 1733 omnia
864 1689 968 1750 opera
984 1674 1057 1750 eius
1075 1675 1108 1733 in
1125 1673 1348 1733 amaritudine
1365 1680 1455 1748 sunt,
1475 1673 1580 1734 leram
1595 1675 1628 1735 in
1644 1677 1725 1737 dua·

176 1780 240 1838 bus
265 1780 397 1838 naturis
413 1773 436 1858 ¹)
461 1779 661 1838 existentem
686 1779 833 1852 imitanS,
863 1778 952 1837 sicut
967 1783 1001 1836 et
1026 1779 1100 1854 ipsa
1116 1782 1185 1836 tam
1209 1792 1291 1836 voce
1308 1793 1407 1852 quam
1433 1793 1533 1852 opere
1558 1779 1723 1839 acerrima

173 1889 238 1956 est,
257 1882 538 1960 quemadmodum
563 1883 665 1943 etiam
682 1884 715 1942 in
741 1882 908 1942 locutione
925 1898 987 1942 sua
1009 1883 1166 1958 superius
1191 1880 1346 1941 ostendit.
1370 1881 1462 1942 Unde
1486 1883 1600 1943 verbis
1625 1900 1724 1944 verae

173 1986 342 2060 largitatis
367 1987 579 2060 inclamatur,
605 1993 638 2046 et
655 1992 693 2045 ut
716 1986 868 2046 homines
893 1986 1027 2061 benigni
1045 1986 1077 2044 in
1099 1985 1256 2060 largitate
1282 1985 1360 2058 sint,
1386 1986 1617 2062 admonentur,
1644 1990 1723 2064 quia

174 2087 220 2148 ibi
238 2104 360 2163 magna
377 2090 565 2149 amaritudo
582 2095 646 2166 est,
665 2089 721 2149 ubi
739 2089 837 2150 homo
855 2106 875 2149 a
890 2088 957 2148 Deo
974 2089 1131 2163 declinat,
1150 2095 1183 2148 et
1200 2089 1256 2147 ubi
1274 2103 1310 2148 se
1324 2094 1440 2148 contra
1456 2089 1559 2149 Deum
1578 2093 1723 2166 indurat,

171 2195 270 2270 quasi
289 2193 422 2270 adjutor
437 2193 511 2270 ejus
528 2193 615 2254 lleus
632 2211 696 2255 non
713 2195 769 2268 sit,
788 2201 820 2252 et
839 2193 895 2253 ubi
912 2193 979 2254 Deo
998 2192 1081 2253 nihil
1097 2193 1138 2253 de
1157 2192 1209 2252 bis
1224 2191 1343 2266 reddit,
1362 2209 1447 2268 quae
1460 2192 1547 2254 Deus
1567 2196 1628 2270 ipsi
1646 2212 1724 2256 con-

172 2301 287 2358 cessit.
307 2299 408 2372 Unde,
427 2316 445 2358 o
465 2301 590 2359 illustri
607 2307 640 2360 et
657 2301 840 2376 sapientes,
860 2301 989 2360 animas
1007 2306 1140 2360 vestras
1156 2298 1223 2358 Deo
1241 2305 1449 2374 praeparate.

895 2509 1001 2569 XLIII.

727 2718 830 2774 Isaiae
855 2716 984 2774 adrem
1010 2716 1169 2774 enntdern.

213 2919 268 2981 52.
295 2918 347 2978 Sic
372 2920 490 2994 lsaias,
508 2936 568 2996 per
585 2937 637 2980 me
655 2923 850 2997 inspiratus,
870 2922 966 2981 vobis
983 2922 1204 2996 demonstrat,
1222 2921 1247 3000 ²)
1269 2937 1342 2980 cum
1362 2923 1452 2982 dreit:
1474 2923 1582 2996 Quum
1599 2926 1724 3004 effnde-

174 3027 221 3082 ris
239 3027 404 3090 esurienti
420 3027 568 3084 animam
585 3033 691 3096 lnam,
706 3033 736 3085 et
754 3030 902 3086 animam
919 3029 1077 3105 afflictam
1094 3027 1289 3104 repleveris,
1307 3029 1435 3087 orietur
1451 3028 1644 3090 intenebris
1661 3031 1722 3092 lua

170 3133 239 3202 tna,
257 3134 289 3185 et
315 3127 468 3187 tenebrae
494 3135 570 3187 tuae
595 3135 694 3188 erunt
720 3131 803 3190 sicut
828 3130 995 3190 meridies.
1022 3130 1063 3190 Et
1081 3131 1232 3206 requiem
1256 3129 1314 3190 tibi
1331 3129 1419 3190 dabit
1446 3131 1607 3192 Dominus
1633 3133 1721 3194 Deua

173 3239 251 3290 tuns
277 3249 420 3308 semper,
439 3237 469 3290 et
494 3231 643 3308 implebit
669 3232 896 3309 splendoribus
920 3237 1069 3293 animum
1093 3241 1196 3308 luant,
1215 3241 1246 3292 et
1272 3251 1343 3293 oasa
1359 3241 1417 3294 lua
1438 3235 1598 3296 liberabit.
1617 3236 1720 3313 Cujus

169 3351 291 3395 sensus
317 3337 394 3396 talis
418 3342 480 3396 est.
498 3336 617 3396 Anima
641 3337 825 3412 suspirium
848 3341 883 3396 et
907 3337 1111 3397 desiderium
1136 3354 1175 3398 ac
1201 3339 1406 3400 voluntatem
1432 3339 1543 3416 habet,
1561 3347 1594 3400 et
1619 3342 1714 3401 carni

167 3443 311 3516 adjacet,
330 3443 472 3518 quaeda
490 3449 581 3502 terra
598 3449 672 3503 orta
689 3449 749 3503 est.
767 3444 900 3503 Etcum
919 3444 1029 3504 anima
1047 3459 1181 3504 carnem
1207 3445 1361 3520 moverit,
1384 3445 1515 3506 scilicet
1538 3454 1717 3525 postquam

168 3562 244 3606 eam
261 3547 495 3621 vivificaverit,
514 3562 592 3607 caro
609 3529 747 3623 peccata
766 3549 880 3622 sentit,
898 3547 938 3606 de
956 3548 1077 3624 quibus
1094 3553 1168 3608 orta
1185 3555 1246 3608 est.
1265 3549 1355 3620 Quae
1376 3565 1451 3609 cum
1470 3566 1548 3610 caro
1572 3551 1721 3628 perfece÷

168 3651 223 3724 rit,
251 3651 363 3710 anima
387 3651 427 3710 ad
445 3651 592 3712 officium
617 3668 726 3726 suum,
747 3653 904 3712 videlicet
928 3659 964 3712 ut
981 3653 1102 3712 bonum
1129 3652 1241 3728 iaciat,
1260 3655 1377 3715 esurit.
1396 3654 1459 3715 Sed
1483 3655 1582 3718 homo
1604 3657 1644 3718 ad
1663 3675 1719 3718 su·

168 3755 309 3830 spirium
337 3755 486 3828 animae,
513 3771 578 3830 quo
615 3755 656 3814 ad
673 3755 777 3814 Deum
802 3755 934 3826 tendat,
958 3755 1121 3815 velociter
1146 3763 1273 3832 surgat,
1298 3766 1332 3817 et
1358 3758 1400 3818 ad
1424 3759 1629 3820 desiderium
1653 3777 1719 3838 quo

164 3858 269 3917 Deum
287 3859 521 3934 amplectatur,
536 3859 636 3919 citius
650 3858 819 3932 ascendat,
834 3875 873 3918 ac
892 3859 1097 3918 voluntatem
1114 3876 1180 3934 qua
1191 3860 1296 3920 Deum
1313 3867 1413 3936 amet,
1433 3867 1569 3922 strenue
1586 3861 1718 3924 babeat.

166 3964 286 4022 Anima
310 3963 398 4021 enim
423 3964 528 4023 multa
552 3964 638 4024 bona
662 3971 695 4024 et
721 3965 825 4024 multa
850 3965 937 4023 mala
961 3957 986 4042 ³)
1012 3964 1275 4040 comprehendit,
1299 3967 1386 4026 sicut
1411 3967 1510 4028 bomo
1528 3969 1561 4028 in
1586 3970 1718 4030 actibus

164 4069 237 4127 suis
255 4069 391 4144 saepius
408 4068 563 4128 ostendit.
581 4070 658 4144 Ipsa
676 4070 779 4129 etiam
800 4070 887 4128 sicut
908 4075 1029 4128 ventus
1046 4075 1098 4128 est
1115 4071 1171 4146 qui
1198 4087 1300 4146 super
1316 4073 1468 4147 gramina
1486 4073 1554 4150 llat,
1572 4082 1606 4135 et
1622 4076 1715 4136 velut

165 4187 221 4230 ros
238 4172 290 4230 est
307 4171 363 4246 qui
381 4187 482 4246 super
499 4173 650 4247 gramina
675 4171 776 4246 cadit,
794 4179 827 4230 et
852 4173 950 4248 quasi
967 4173 1126 4248 pluviaIIs
1151 4189 1209 4232 aer
1229 4181 1291 4249 est,
1310 4176 1367 4251 qui
1385 4191 1424 4235 ea
1448 4191 1602 4238 crescere
1621 4178 1711 4242 iacit.

164 4274 375 4348 Quapropter
391 4272 490 4332 homo
507 4273 656 4334 etiundat
672 4275 943 4334 desiderantibus
956 4275 1076 4335 bonam
1090 4276 1298 4336 voluntatem
1312 4293 1418 4337 suam.
1433 4277 1621 4350 Quomodo?
1635 4282 1728 4341 Van·-

164 4385 220 4437 tus
237 4379 281 4437 sit
298 4378 330 4436 in
348 4377 514 4452 adJutorio
533 4379 744 4452 miserorum,
763 4385 796 4438 et
815 4396 870 4437 ros
888 4379 980 4439 sitin
998 4381 1225 4440 consolatione
1241 4381 1482 4457 desolatorum,
1503 4399 1542 4443 ac
1555 4385 1713 4461 pluvialis

163 4505 222 4547 aer
239 4488 284 4548 sit
301 4487 492 4546 deficientes
511 4487 700 4562 reficiendo,
718 4483 742 4565 ⁴)
761 4501 800 4546 ac
816 4503 874 4546 eos
896 4485 1048 4546 doctrina
1066 4488 1158 4547 velut
1181 4488 1371 4547 esurientes
1389 4487 1558 4562 replendo,
1591 4488 1647 4548 ubi
1665 4490 1714 4548 eis

163 4596 309 4654 animam
334 4611 430 4654 suam
447 4593 576 4666 tribuit,
602 4609 679 4652 cum
697 4593 779 4670 ipsis
805 4593 886 4652 totis
911 4593 1040 4653 viribus
1057 4593 1206 4669 ejusdem
1226 4594 1357 4654 animae
1374 4610 1454 4654 suae
1472 4595 1716 4670 perspicacIter

163 4701 309 4776 inspicit:
325 4695 348 4776 ⁵)
367 4701 449 4760 Cum
461 4701 543 4772 -ista,
565 4716 583 4759 o
602 4700 711 4774 bomo,
732 4699 862 4771 seceris
881 4703 915 4758 el
931 4715 1006 4758 cum
1024 4701 1169 4760 animam
1188 4717 1206 4758 a
1222 4701 1441 4760 daemonibus
1459 4706 1491 4760 el
1509 4701 1552 4760 ab
1570 4700 1712 4762 bomini-

163 4803 223 4861 bus
241 4800 412 4874 aitlictam,
432 4804 464 4861 el
480 4804 626 4877 peccatis
644 4809 830 4862 catenatam
848 4809 880 4860 et
899 4803 1153 4876 incarceratam,
1168 4803 1264 4862 bonis
1277 4803 1550 4879 persuasionibus
1564 4803 1711 4864 redeme-

162 4907 219 4980 τίς,
239 4921 278 4964 ac
295 4907 424 4965 sanctis
441 4905 730 4966 exhortationIbus
748 4907 952 4980 impleveris,
970 4907 1099 4966 orietur
1115 4913 1191 4966 ortu
1207 4907 1360 4982 justitiae
1378 4907 1576 4967 intenebris
1593 4924 1712 4984 pecca-

198 5082 480 5156 ¹lAdPltyrioloqam
490 5083 533 5140 uti
542 5085 600 5157 jam
613 5101 697 5156 supra
709 5085 912 5147 n.l⁰5‚iterum
959 5087 1011 5146 dit,
1028 5103 1087 5140 cnm
1099 5087 1167 5140 dicit
1179 5085 1224 5140 W.
1242 5117 1272 5124 -
1287 5085 1323 5140 Is.
1339 5085 1441 5148 LVIII,
1460 5089 1501 5142 lb.
1517 5117 1551 5127 -
1564 5086 1586 5154 ⁸)
1600 5093 1625 5145 et
1636 5087 1711 5145 nula

162 5169 208 5223 bic
229 5167 380 5224 manifeste
400 5169 561 5240 respicitur.
580 5202 611 5210 —
625 5173 647 5236 ²t
669 5176 820 5244 inspiretur
832 5177 915 5226 osten-
960 5169 991 5225 A.
1010 5202 1041 5208 —
1053 5171 1074 5236 ⁴>
1088 5171 1235 5240 deficientia
1247 5171 1391 5242 deficiendo
1404 5171 1450 5226 W.
1467 5203 1500 5212 -
1514 5174 1536 5240 ⁵)
1549 5176 1652 5231 insistit
1664 5174 1698 5232 ll.

266 5280 441 5339 Auncacr.
469 5279 501 5338 T.
528 5279 608 5338 Vlll.
635 5279 655 5337 6
