3998 6100
266 486 291 533 ll
871 481 1120 532 Pnouurrrurr

264 627 342 700 Nec
367 633 507 700 tantum
534 625 681 720 dignum
708 631 785 694 erat
801 621 869 695 hoc
886 619 1117 716 Hildegardis
1134 641 1234 715 opus,
1256 616 1349 712 quod
1368 614 1565 713 promptius
1581 638 1601 687 e
1617 609 1772 686 tenebris

213 763 425 854 erumperet.
443 755 512 828 Sed
528 753 729 842 dolendum,
747 751 923 825 neminem
939 750 1112 822 hactenus
1128 749 1165 820 in
1183 747 1288 820 docta
1305 745 1500 818 Germania
1517 742 1681 836 inveniri,
1709 739 1770 838 qui

215 886 371 983 ejusdem
388 883 661 980 qualiacumque
686 880 828 977 scripta,
856 888 953 952 certa
971 879 1160 968 incertave,
1180 876 1297 970 libros,
1317 876 1463 970 litteras,
1483 875 1664 972 opuscula,
1686 896 1769 946 can·

215 1017 288 1090 tica
306 1024 342 1089 et
358 1015 528 1108 carmina,
548 1013 759 1087 didascalias
776 1020 811 1085 et
828 1010 1140 1109 apophthegmata,
1168 1009 1325 1104 linguam
1344 1017 1464 1081 notam
1487 1018 1522 1081 et
1537 1010 1693 1099 ignotam
1712 1027 1769 1076 ar-

216 1172 307 1222 cana
323 1145 514 1243 alphabeta
532 1153 567 1218 et
584 1145 717 1242 cyclica
733 1143 914 1217 volumina
931 1143 975 1216 ds
991 1166 1030 1214 re
1046 1141 1204 1238 physica,
1223 1141 1369 1232 medica,
1388 1139 1639 1239 physiologica,
1660 1137 1770 1210 unde-

216 1300 358 1376 quaque
383 1274 539 1370 colligat,
566 1272 802 1370 expansisque
827 1294 923 1344 more
944 1269 1061 1367 patric
1078 1268 1228 1362 lacertis,
1248 1269 1457 1366 intortisque
1473 1267 1625 1343 robustis
1641 1264 1769 1357 nervis,

217 1418 483 1481 monumentum
500 1406 621 1502 exigat
638 1430 718 1480 aere
735 1406 933 1504 perennius,
955 1428 1024 1500 quo
1041 1404 1188 1501 posteris
1206 1405 1468 1478 commendetur
1483 1428 1611 1478 nomen
1628 1404 1769 1475 immor·

217 1537 300 1634 tale,
327 1539 444 1634 immo,
471 1547 511 1612 ut
536 1538 591 1611 vir
621 1538 843 1634 germanicus
867 1536 963 1610 hisce
988 1536 1110 1610 diebus
1134 1537 1289 1635 scripsit,
1315 1537 1404 1611 nulli
1431 1537 1545 1636 impar
1570 1563 1592 1611 a
1617 1537 1767 1611 Rabano

220 1666 346 1741 Mauro
363 1690 474 1764 usque
491 1666 536 1740 ad
553 1665 781 1739 novissimum
799 1665 844 1737 ab
861 1663 1093 1738 Humboldtio
1111 1663 1367 1738 Alexandrum.

269 1797 439 1895 Symbola
466 1796 610 1871 tandem
626 1802 758 1890 nostra,
781 1795 890 1892 juxta
905 1793 1011 1891 pedes
1027 1795 1210 1868 monastici
1236 1793 1475 1886 Patriarchae,
1499 1795 1770 1892 qualiacumque

220 1929 303 2019 sint,
325 1927 525 2002 sternimus.
551 1927 761 2024 Incceptnm
787 1947 875 2022 opus
900 1924 1011 1998 multo
1038 1933 1120 1998 ante
1145 1925 1342 1999 saecularia
1368 1925 1468 2016 festa,
1495 1924 1623 1998 nostris
1639 1923 1771 1996 dudum

225 2056 367 2130 traditis
387 2055 529 2149 chartis,
558 2051 782 2152 apographis,
811 2051 917 2126 stiam
942 2053 1047 2150 typis,
1075 2077 1116 2126 ac
1141 2077 1203 2150 spe
1227 2061 1397 2150 concepta
1422 2053 1497 2127 fore
1521 2061 1561 2126 ut
1577 2060 1773 2150 opportuno

223 2191 382 2282 tempore
399 2183 650 2273 absolveretur,
668 2180 809 2254 nonnisi
826 2187 905 2279 post
921 2187 993 2254 tres
1010 2205 1122 2256 annos
1139 2181 1272 2278 publici
1285 2182 1377 2278 juris
1392 2181 1467 2255 fieri
1484 2181 1611 2279 potuit.

271 2310 348 2385 Nec
364 2317 484 2383 tamen
500 2331 652 2406 aequum
669 2316 759 2383 esset
774 2332 846 2382 non
871 2308 1008 2381 debitas
1033 2307 1178 2381 reddere
1203 2316 1322 2404 grates
1338 2315 1373 2380 et
1390 2307 1511 2382 laudes
1536 2307 1687 2404 egregiis
1703 2306 1769 2380 Oa·

222 2435 431 2526 sinensibue,
448 2435 510 2533 qui
527 2435 778 2534 perficiendum
795 2458 883 2534 opus
898 2443 1139 2531 susceperunt;
1156 2435 1215 2529 qui
1234 2459 1303 2508 non
1322 2434 1434 2509 solum
1453 2435 1488 2507 in
1508 2434 1662 2532 plagulis
1687 2459 1771 2532 pur-

230 2566 357 2662 gandis
382 2573 417 2638 at
443 2563 658 2638 ventilandis
683 2561 855 2636 indefessa
879 2568 1096 2655 aestuarunt,
1123 2561 1182 2634 sed
1208 2555 1423 2634 luculentum
1451 2562 1486 2635 in
1509 2571 1586 2635 arte
1607 2561 1776 2658 pingendi

226 2693 345 2766 lumen
372 2691 595 2778 addiderunt,
623 2697 658 2762 et
682 2689 904 2786 splendorem
929 2687 1084 2762 omnium
1111 2688 1335 2762 admirationi
1361 2690 1480 2761 statim
1508 2689 1672 2762 elimina
1693 2713 1773 2786 pro-

225 2819 391 2917 positum.
408 2817 565 2892 Honoris
581 2841 690 2890 causa
705 2825 741 2891 st
765 2817 860 2914 grati
885 2818 1007 2913 animi,
1034 2841 1228 2893 memorare
1249 2817 1346 2891 lubet
1372 2819 1406 2889 in
1426 2817 1547 2914 primis
1564 2817 1607 2891 ol.
1626 2817 1670 2890 D.
1688 2817 1780 2891 Odc-

229 2946 354 3020 risium
372 2944 622 3040 Piscicellium,
641 2944 786 3040 ejusque
802 2943 970 3019 dilectum
983 2946 1115 3020 socium
1131 2946 1336 3018 Anselmum
1352 2944 1563 3042 Oapletium.
1579 2945 1714 3034 Quibus
1727 2953 1780 3019 ta·

230 3099 310 3149 men
329 3075 522 3171 praeivers,
541 3075 679 3146 ratione
692 3081 900 3170 temporum,
918 3074 1081 3147 nonnulli
1098 3073 1342 3164 solesmenses,
1357 3074 1504 3164 calamo,
1524 3072 1701 3170 penicillo,
1719 3096 1782 3145 va·

231 3203 354 3300 rioque
367 3203 460 3301 stylo
478 3204 589 3276 amice
606 3203 901 3302 conspirantibus,
922 3204 1177 3302 Christopboro
1192 3204 1370 3302 Gautbcy,
1386 3228 1481 3278 nunc
1494 3203 1705 3278 Massiliensi
1722 3206 1785 3278 ab·

231 3330 324 3424 hate,
343 3329 399 3404 Jo.
418 3329 599 3403 Ludovicc
617 3329 775 3427 Pradier,
794 3331 983 3406 Frarrcisoo
1000 3331 1182 3421 Chamart,
1209 3331 1453 3429 Hildephonso
1479 3338 1515 3404 et
1539 3330 1694 3427 Josephc
1712 3329 1782 3404 Po-

229 3460 333 3550 thier,
352 3460 413 3556 qui
433 3460 524 3532 iuter
540 3459 671 3534 multas
687 3485 805 3535 rerum
826 3461 1090 3548 vicissitudines,
1121 3486 1235 3558 neque
1252 3462 1358 3535 etiarn
1381 3462 1583 3558 longinquis
1598 3468 1785 3558 parcentes

230 3590 428 3684 itineribus,
447 3591 649 3665 communia
665 3590 899 3666 illustrandae
914 3591 1126 3689 Hildegardi
1142 3591 1259 3664 studia
1277 3590 1511 3665 contulerunt.

279 3723 398 3798 Maras
415 3722 622 3821 praesertim
648 3729 842 3796 texuerunt
859 3722 1087 3818 inexpectata
1104 3730 1139 3796 et
1155 3747 1249 3795 nova
1274 3730 1414 3795 centum
1435 3721 1695 3818 quinquaginta
1713 3720 1786 3817 epi-

231 3850 402 3926 stolarum
419 3861 454 3922 ct
470 3849 717 3946 opusculorum
735 3849 963 3942 collectanea,
990 3847 1236 3937 Vindobonae,
1263 3846 1488 3937 Wisbadeni,
1516 3845 1784 3942 Heidelbergae,

235 3979 402 4074 Hafniae,
420 3979 600 4053 Bruxellis
617 3986 808 4075 asservata,
827 3986 970 4077 praeter
987 3978 1060 4050 alia
1077 3977 1212 4051 Romae
1229 3988 1264 4050 et
1280 3977 1483 4051 Florentiae
1509 3978 1664 4051 inventa:
1694 4000 1788 4073 quae
1814 3978 1820 4069 l

233 4107 330 4181 haud
346 4107 421 4180 sine
439 4107 613 4181 intricatis
638 4108 855 4205 ambagibus,
882 4115 956 4182 tam
974 4107 1130 4182 locorum
1155 4107 1428 4204 intercapedine,
1455 4131 1563 4204 quam
1587 4115 1786 4204 temporum

234 4237 365 4312 litteris
382 4236 588 4312 infestorum
604 4238 746 4336 injuria,
764 4240 959 4337 aegerrime
976 4238 1021 4312 ad
1039 4262 1122 4312 usus
1138 4247 1275 4312 nostros
1292 4247 1538 4335 pervenerunt.

287 4370 339 4443 At
356 4393 426 4464 quo
443 4369 556 4466 magis
571 4369 720 4442 arduum
739 4369 806 4443 fuit
822 4369 1023 4467 hujusmodi
1040 4371 1296 4462 commercium,
1318 4395 1358 4443 eo
1371 4371 1477 4468 juvat
1503 4368 1666 4467 ampliori
1684 4367 1789 4441 laude

237 4495 483 4571 commendare
501 4495 677 4593 prolixam
694 4496 913 4572 voluntatem
939 4497 1129 4595 insignium
1156 4498 1312 4572 virorum
1337 4497 1400 4594 qui
1425 4497 1463 4570 in
1488 4497 1662 4570 auxilium
1688 4496 1790 4592 signa

235 4625 474 4699 contulerunt.
516 4627 729 4723 Ignoscant,
758 4627 788 4701 si
813 4628 885 4702 huc
902 4628 1006 4702 nudis
1033 4628 1235 4702 nominibus
1261 4635 1510 4719 convocentur,
1537 4627 1596 4702 cll.
1623 4653 1681 4700 vr.
1708 4627 1788 4700 Nic.

240 4755 404 4850 Ansiani,
433 4757 520 4829 Ant.
540 4781 611 4829 van
637 4756 700 4830 der
725 4756 849 4853 Linde,
866 4757 1137 4855 Zangcmeieter,
1157 4758 1276 4850 Birhe,
1304 4758 1388 4832 Chr.
1413 4759 1549 4848 Bruun,
1577 4757 1702 4849 Aldin‚
1729 4755 1792 4852 qui

240 4887 516 4977 Laurentinum,
544 4887 788 4979 Wisbadensi,
816 4888 1123 4986 Heidelbergensi,
1152 4889 1347 4963 Caesareae
1367 4889 1652 4978 Vindobonensi,
1672 4885 1795 4982 Regiis

240 5012 397 5087 Halniae
423 5020 457 5085 et
484 5012 712 5111 Burgundiac
728 5015 952 5090 bibliothecis
972 5015 1189 5089 nobilissimo
1206 5015 1308 5089 titulo
1327 5024 1361 5089 et
1378 5017 1503 5090 merito
1515 5017 1596 5113 jure
1613 5025 1793 5114 praesunt.

294 5144 418 5240 Noquc
448 5153 564 5218 tacere
590 5173 739 5245 acquum
767 5157 856 5223 esset
883 5148 1052 5246 optimum
1080 5147 1183 5221 simul
1211 5158 1244 5220 et
1270 5147 1409 5222 doctum
1438 5147 1625 5221 Albertum
1650 5145 1790 5236 Kinter,
