3998 6100
713 541 836 588 arnan
866 541 968 588 vrrs
995 541 1237 590 uestrorum
1671 525 1713 588 tl

189 664 227 725 ni
252 663 394 742 inspirat
419 667 456 723 ut
481 661 631 739 seipsum
648 661 851 723 sacrificium
867 661 934 722 Deo
953 660 1064 722 faciat.
1084 659 1198 722 Facies
1215 664 1327 720 autem
1344 660 1477 738 aquilae
1497 659 1672 724 scientiam
1688 659 1748 723 Dei

191 768 409 844 praefigurat,
428 782 514 844 quae
530 765 657 826 homini
675 765 850 826 scientiam
866 764 925 826 dat
939 772 974 825 et
989 764 1252 842 possibilitatem
1268 763 1441 838 scientiae,
1460 763 1643 826 secundum
1660 764 1748 841 quod

191 876 259 952 ipsi
283 877 404 952 placct;
430 891 516 952 quae
540 889 642 951 super
666 873 751 934 alias
775 874 920 933 virtutes
942 879 1006 949 est,
1024 877 1058 932 et
1074 872 1232 948 quoniam
1250 870 1283 930 in
1300 868 1433 930 homine
1450 869 1614 931 terribilis
1630 875 1694 945 est,
1712 875 1747 930 et

190 980 319 1040 homini
337 980 408 1041 rita
425 985 489 1054 est,
508 985 542 1038 et
557 978 628 1038 vita
647 977 704 1038 illa
721 994 787 1038 non
803 976 925 1050 delicit;
946 977 1005 1036 sed
1022 975 1168 1051 undique
1185 973 1304 1050 spirat,
1322 979 1356 1033 et
1372 973 1519 1051 undique
1535 974 1639 1050 videt,
1657 990 1697 1036 ac
1715 975 1747 1037 in

194 1083 341 1158 bomine,
361 1087 398 1142 ut
414 1083 533 1143 stellae
549 1078 585 1141 in
601 1080 822 1156 firmamento,
842 1084 990 1156 apparet.

914 1270 1024 1333 XVIII.

475 1477 666 1545 macconem
680 1488 713 1542 et
729 1478 941 1560 reproborum
956 1497 1117 1541 numerus
1133 1480 1223 1544 nulli
1240 1482 1367 1544 nomint
1381 1487 1490 1544 notus.

239 1691 294 1753 30.
312 1689 375 1751 Sed
392 1690 547 1768 quamvis
564 1691 670 1752 multa
687 1689 829 1750 scientia
846 1689 880 1749 in
895 1687 1029 1750 homine
1049 1687 1106 1764 sit,
1123 1687 1236 1748 nullus
1254 1694 1366 1750 tamen
1382 1689 1554 1753 bominum
1571 1708 1674 1770 opera
1690 1693 1749 1758 Dei

193 1795 408 1856 dinumerare
425 1793 560 1870 poterit,
579 1808 639 1852 nec
656 1807 715 1854 eos
734 1792 792 1868 qui
809 1790 970 1852 coelestia
982 1791 1177 1868 possessuri
1194 1795 1285 1866 sunt3
1300 1791 1380 1868 quia
1393 1791 1673 1869 quemadmodum
1690 1797 1751 1859 mi·

196 1897 316 1958 rabilia
332 1895 406 1972 eJ'us
424 1895 680 1956 innumerabilia
697 1900 787 1970 sunt,
802 1893 849 1954 ita
865 1894 968 1956 etiam
983 1899 1018 1955 et
1034 1893 1083 1955 illi
1100 1898 1179 1956 sunt
1194 1893 1467 1969 innumerabiles,
1482 1896 1540 1971 qui
1555 1911 1616 1973 per
1632 1898 1748 1960 eadem
1766 1908 1769 1914 ·

195 1998 381 2076 mirabilia,
406 2013 571 2075 supernas
594 1997 787 2068 mansiones
811 1997 1052 2074 adipiscuntur.
1077 1995 1140 2056 Sed
1157 2001 1191 2055 et
1207 2011 1268 2056 nec
1285 1997 1334 2059 illi
1350 1997 1556 2060 dinumerari
1574 2005 1742 2078 poterunt,

195 2107 255 2183 qui
272 2105 305 2166 in
321 2103 537 2181 suggestione
551 2101 682 2164 Diaboli
700 2101 841 2179 seducti,
860 2117 937 2162 cum
952 2100 1092 2162 Diabolo
1110 2099 1317 2162 habitabunt.

909 2307 1036 2368 XVIIII.

747 2517 836 2580 Deos
860 2517 948 2576 sotus
972 2519 1083 2578 omnio
1105 2517 1205 2578 nouit.
1311 2512 1316 2522 '

241 2725 296 2792 at.
319 2728 409 2790 Deus
434 2731 547 2790 autem
570 2741 747 2789 numerum
771 2727 921 2788 ommum
945 2727 1021 2790 scit.
1045 2725 1130 2788 Nam
1154 2725 1300 2804 plurima
1331 2729 1366 2788 et
1389 2725 1535 2802 plurima
1559 2733 1690 2790 secreta
1716 2729 1749 2790 in

198 2834 265 2895 Deo
278 2839 367 2910 sunt,
386 2848 472 2910 quae
496 2832 579 2892 nulli
595 2831 724 2893 revelat
746 2835 784 2892 ut
800 2836 889 2906 sunt,
906 2830 966 2891 sed
982 2846 1023 2890 ex
1046 2835 1142 2908 parte
1164 2835 1199 2892 et
1215 2829 1399 2891 secundum
1422 2829 1511 2906 quod
1529 2830 1594 2890 sibi
1617 2832 1750 2910 placue-

197 2941 253 3014 rit,
277 2944 312 2998 et
335 2938 519 2998 secundum
541 2936 631 3014 quod
647 2934 803 2996 voluerit.
830 2935 906 3012 lpse
923 2935 1012 2995 enim
1028 2935 1122 2996 solus
1140 2934 1252 2996 omnia
1274 2935 1379 3010 novit,
1397 2935 1455 3011 qui
1478 2935 1582 2996 etiam
1605 2950 1645 2997 ea
1669 2953 1747 2998 con-

198 3044 293 3118 tinet3
319 3047 353 3102 et
368 3047 549 3102 conservat
565 3056 653 3118 quae
676 3041 766 3116 iecit,
786 3040 946 3117 quoniam
970 3040 1004 3100 in
1020 3039 1176 3102 omnibus
1202 3039 1386 3104 secundum
1402 3040 1658 3119 dispositionem
1675 3061 1751 3121 gra·

200 3151 266 3210 tiae
283 3163 364 3211 suae
381 3153 444 3210 ost:
463 3147 552 3225 quod
569 3151 603 3208 at
618 3146 706 3208 visio
723 3161 885 3224 praesens
905 3161 1006 3223 quam
1022 3145 1129 3222 vides,
1148 3150 1304 3208 testatur.

943 3301 1022 3415 XX..

729 3559 795 3620 Cur
819 3558 908 3620 Deus
932 3559 983 3620 vir
1005 3561 1210 3621 nominatur.

245 3766 299 3826 32.
325 3765 384 3825 Vir
405 3766 495 3826 enirn
519 3765 584 3827 iste
605 3769 718 3826 tantae
739 3767 967 3844 proceritatis,
984 3767 1074 3844 quod
1091 3783 1110 3826 a
1127 3765 1321 3828 summitate
1337 3761 1476 3824 nubium
1492 3764 1701 3843 castiusque
1718 3768 1753 3828 in

202 3867 363 3945 abyssum
381 3869 554 3946 pertingit,
569 3867 676 3931 Deum
693 3869 859 3947 designat,
877 3870 936 3948 qui
949 3870 1040 3948 juste
1055 3869 1110 3932 vir
1124 3869 1327 3946 nominatur,
1345 3865 1504 3945 quoniam
1520 3869 1629 3932 omnis
1645 3871 1699 3932 vis
1715 3876 1749 3933 et

202 3973 313 4034 omnia
329 3987 415 4050 quae
431 3973 561 4046 vivunt,
578 3972 621 4035 ab
637 3974 712 4052 ipso
729 3975 924 4052 procedunt.

933 4181 1013 4245 XXI.

856 4391 956 4454 Verba
979 4395 1096 4455 Isaiae.

248 4602 302 4665 33.
313 4605 388 4682 lpse
400 4603 504 4666 etiam
514 4601 568 4666 vir
581 4601 637 4666 ille
650 4607 714 4680 est,
725 4603 766 4664 de
778 4619 845 4681 quo
857 4601 1122 4682 prophetadicIt:
1134 4599 1321 4664 «Dominus
1335 4599 1424 4664 sicut
1437 4599 1534 4664 tortis
1547 4599 1748 4680 egredietum
1848 4591 1852 4598 ’

207 4727 223 4770 a
243 4711 332 4772 siout
347 4713 401 4772 vir
416 4710 610 4792 praeliator,
634 4709 812 4772 suscitabit
829 4710 948 4785 zelum,
967 4706 1219 4784 vociferabitur,
1238 4713 1271 4768 et
1288 4707 1457 4782 clamabit,
1476 4723 1579 4785 super
1595 4707 1749 4769 inimicos

206 4835 222 4875 a
242 4830 323 4876 suos
336 4813 579 4876 confortabitur
590 4809 613 4894 ¹)
630 4833 659 4876 s.
671 4811 774 4891 GuJus
787 4829 907 4874 sensus
920 4812 999 4873 taIIs
1012 4817 1075 4872 est.
1086 4813 1171 4874 Ante
1183 4811 1419 4889 antiquitatem
1431 4810 1573 4886 dierum,
1587 4809 1749 4872 Dominus

204 4919 238 4982 In
258 4919 444 4982 fortissima
467 4920 502 4982 vi
525 4934 684 4997 egressus
708 4925 781 4981 erat
796 4913 835 5000 ¹),
854 4918 901 4980 ita
918 4917 1005 4995 quod
1022 4917 1075 4978 vIs
1100 4915 1208 4994 ipsius
1225 4916 1295 4977 vita
1318 4917 1453 4977 vivendi
1470 4916 1504 4976 in
1521 4916 1610 4978 omni
1627 4931 1750 4992 genere

204 5031 437 5087 creaturarum
454 5025 528 5103 tuit,
546 5031 580 5087 et
596 5025 685 5104 quod
701 5025 771 5090 vita
788 5040 888 5101 quam
907 5023 979 5101 ipse
998 5020 1088 5096 tecit,
1102 5021 1362 5098 prosperitatem
1378 5020 1571 5098 egrediendi
1588 5021 1622 5081 in
1639 5020 1752 5081 multi-

241 5195 313 5267 pls.
329 5194 418 5260 XLII,
434 5199 476 5255 tt.
990 5196 997 5266 1
1023 5193 1263 5268 ’leprcattmuect
1276 5189 1321 5248 W.
1361 5218 1365 5226 ·

306 5301 479 5362 Auanacr.
506 5301 540 5362 T.
565 5298 646 5363 VIII.
673 5303 693 5363 2
