3998 6100
267 549 310 610 28
843 569 869 614 s.
898 567 1178 616 ninnnennors

229 682 306 744 sint.
331 681 412 742 Nam
437 669 590 758 quamvis
614 682 714 743 homo
738 684 831 744 velut
854 699 950 745 mons
967 686 1000 746 in
1018 687 1158 747 scientia
1174 703 1236 746 sua
1253 687 1314 763 sit,
1333 687 1490 764 quoniam
1507 686 1700 750 inscientia
1716 701 1781 750 sua

232 789 265 847 in
289 787 518 847 excellentiam
543 793 620 864 post
644 786 746 848 Deum
772 789 934 864 ascendit,
961 805 1141 866 supernum
1167 796 1278 852 tamen
1303 794 1470 867 montem,
1495 807 1557 852 nec
1574 794 1781 869 superiorem

229 893 361 968 partem
385 889 534 967 eJusdem
551 891 673 950 montis
690 907 776 968 quae
794 892 954 952 scientiae
973 892 1032 952 Dei
1047 901 1111 969 ast,
1128 895 1241 955 nullus
1259 894 1358 955 homo
1374 894 1473 971 vidit,
1491 908 1553 955 nec
1568 895 1649 956 illuc
1665 910 1783 956 ascen·

233 995 299 1071 dit,
324 1010 386 1055 nec
409 995 483 1069 ejus
499 1010 622 1054 arcana
639 997 727 1055 scire
743 997 878 1073 poterit,
894 1013 957 1058 nec
973 997 1074 1058 otiam
1092 998 1226 1058 illorum
1243 999 1349 1074 quiin
1364 1000 1544 1074 conspectu
1560 999 1633 1075 ejus
1650 1013 1783 1074 semper

234 1099 409 1159 assistunt.
427 1097 489 1158 Sed
506 1099 642 1174 quidam
659 1098 794 1159 illorum
811 1099 869 1176 qui
885 1101 919 1160 in
935 1106 1117 1176 conspectu
1134 1100 1193 1160 liei
1210 1116 1343 1178 semper
1359 1103 1452 1176 sunt,
1470 1117 1530 1179 per
1544 1100 1726 1178 prophetas
1741 1115 1782 1160 ac

231 1219 291 1280 per
314 1202 399 1262 alios
416 1201 580 1278 quosdam
605 1208 740 1262 sanctos
764 1204 822 1279 qui
840 1205 873 1263 in
890 1203 1018 1279 Spiritu
1034 1203 1154 1264 Sancto
1171 1204 1343 1281 viderunt,
1359 1205 1521 1266 nominati
1538 1206 1627 1280 sunl;
1645 1203 1781 1280 quidam

233 1312 347 1366 autem
370 1305 533 1366 nominati
557 1321 623 1366 non
647 1311 739 1381 sunt,
766 1306 824 1382 qui
847 1307 950 1367 etiam
974 1307 1141 1367 modicum
1164 1308 1205 1368 de
1222 1308 1306 1384 ipsis
1323 1308 1556 1385 loquebantur,
1573 1307 1652 1368 dum
1669 1307 1782 1368 diviua

236 1409 415 1486 inspiratio
432 1424 491 1468 eos
507 1408 631 1485 tetigit,
649 1409 928 1486 quemadmodum
946 1426 1006 1488 per
1021 1411 1161 1472 Paulum
1179 1412 1375 1490 Apostolum
1392 1412 1555 1489 scriptum
1571 1415 1624 1472 est
1637 1405 1673 1490 ¹).

946 1613 1076 1678 XLVII.

824 1824 926 1886 Verba
949 1826 1050 1886 Pauli
1074 1844 1207 1887 arcano.

281 2034 335 2095 60.
355 2052 371 2094 a
387 2032 507 2094 Audivi
523 2047 645 2092 arcana
660 2031 775 2108 verba,
793 2049 879 2110 quae
894 2049 960 2094 non
976 2033 1055 2094 licet
1070 2035 1197 2096 homini
1213 2034 1314 2110 loqui.
1330 2053 1346 2093 a
1367 2033 1472 2110 Cuius
1487 2049 1607 2094 sensus
1624 2032 1702 2093 talis
1717 2037 1783 2092 est.

237 2141 279 2201 Ut
291 2154 350 2198 cor
360 2137 435 2214 ejus
447 2137 564 2196 multis
575 2142 610 2196 et
622 2137 752 2212 magnis
766 2137 938 2198 miraculis
951 2138 1112 2212 infusum,
1127 2137 1390 2213 confortaretur,
1408 2139 1442 2198 et
1458 2143 1495 2198 ut
1507 2137 1583 2198 aliis
1596 2151 1636 2198 en
1651 2135 1714 2196 boc
1730 2149 1787 2195 ae-

237 2243 460 2304 dificationem
476 2243 640 2303 virtutum
656 2241 853 2318 largiretur,
872 2244 1043 2321 praecepit
1067 2258 1190 2303 arcana
1213 2243 1317 2303 verba
1340 2249 1374 2303 et
1389 2235 1646 2319 praescientiam
1663 2240 1787 2301 baben·

236 2349 296 2424 tia,
313 2362 400 2424 quae
416 2346 607 2406 hominibus
623 2345 821 2407 abscondita
838 2353 925 2408 sunt:
943 2362 1004 2424 per
1020 2363 1135 2424 quem,
1153 2348 1208 2408 vel
1224 2365 1244 2408 a
1260 2363 1338 2424 quo,
1355 2347 1410 2408 uel
1426 2363 1530 2424 quare
1545 2343 1785 2423 processerint,

235 2455 290 2514 vel
308 2452 421 2530 qualia
437 2451 578 2525 luerint,
595 2451 650 2510 vel
667 2465 767 2526 quem
784 2450 920 2511 modum
936 2450 1126 2513 habuerint.
1143 2451 1235 2511 Sicut
1251 2451 1339 2512 enim
1356 2450 1521 2512 Divinitas
1536 2450 1578 2511 ab
1594 2447 1787 2511 bominibus

239 2557 361 2618 intueri
385 2573 452 2616 non
474 2561 598 2632 potest,
624 2554 673 2615 sic
696 2568 758 2613 nec
781 2554 849 2614 ista
872 2555 976 2616 verba
991 2555 1157 2632 quomodo
1173 2555 1208 2615 in
1222 2555 1463 2616 vociferatione
1478 2555 1584 2630 vocis,
1600 2560 1635 2615 et
1651 2565 1790 2630 quomo·

238 2663 280 2722 do
304 2660 457 2722 insonis
481 2658 617 2719 laudum
642 2658 879 2733 mysteriorum
903 2658 963 2718 Dei
985 2660 1117 2735 prolata
1141 2660 1224 2735 sint,
1248 2675 1314 2720 non
1338 2659 1416 2720 licet
1438 2655 1608 2738 ²)homini
1624 2655 1788 2734 proferre,

240 2765 319 2842 quia
343 2763 477 2824 omnino
501 2762 537 2822 in
561 2760 702 2821 secretis
726 2767 934 2822 secretorum
959 2763 1138 2840 spirituum
1157 2767 1253 2839 sunt,
1278 2768 1313 2823 et
1328 2763 1485 2838 quoniam
1503 2762 1601 2822 homo
1624 2759 1660 2820 in
1687 2772 1790 2820 carno

243 2869 372 2928 alienus
390 2864 432 2926 ab
448 2864 517 2925 illis
533 2869 597 2925 est.

944 3069 1086 3136 XLVIII.

658 3282 706 3343 De
729 3281 809 3342 bono
830 3286 1098 3361 perseverantiae
1123 3290 1153 3344 et
1180 3286 1374 3346 sanctitatis.

287 3489 340 3552 61.
366 3489 458 3563 Quod
475 3494 587 3550 autem
604 3488 712 3563 vides,
730 3489 819 3565 quod
836 3497 957 3550 ventus
973 3491 1032 3567 qui
1048 3491 1254 3567 praedictam
1269 3488 1439 3551 turbidam
1453 3488 1577 3549 nubam
1591 3483 1616 3567 ²)
1633 3503 1735 3565 super
1751 3501 1788 3550 se

242 3597 353 3671 babet,
379 3610 452 3655 eam
478 3609 592 3654 secum
617 3593 659 3654 ab
683 3593 807 3653 Austro
830 3593 872 3653 ad
889 3593 1101 3654 Occidentem
1118 3594 1276 3670 extendit,
1294 3592 1358 3653 hoc
1374 3598 1426 3653 est
1443 3591 1530 3669 quod
1543 3591 1687 3668 justitia,
1704 3585 1790 3652 mul·

241 3702 284 3763 tis
308 3697 582 3760 tribulationibus
606 3697 739 3758 turbida
764 3714 866 3775 opera
890 3697 1062 3760 hominum
1088 3697 1268 3774 sufferens,
1294 3698 1353 3757 illa
1370 3711 1486 3756 aecumv
1499 3681 1542 3756 ab
1558 3696 1694 3770 Austro,
1712 3709 1789 3754 oum

238 3805 284 3864 ibi
308 3805 343 3864 in
366 3801 571 3880 perfectione
594 3801 670 3862 fidei
685 3801 815 3877 ardent,
833 3801 875 3861 ad
892 3801 989 3862 linem
1007 3801 1290 3878 perseverationis
1306 3799 1409 3875 ducit,
1426 3805 1465 3860 ut
1481 3799 1633 3860 homines
1649 3797 1789 3860 Diabolo

243 3912 477 3986 repugnantes,
503 3906 538 3966 in
561 3905 649 3966 bono
671 3911 899 3982 perseverent,
924 3912 959 3966 et
982 3907 1017 3966 in
1034 3907 1213 3967 sanctitate
1228 3905 1295 3966 lieo
1312 3905 1439 3965 vivant.
1453 3904 1494 3965 Et
1509 3902 1681 3981 longitudo
1698 3917 1738 3964 ac
1753 3901 1802 3962 la·

240 4011 348 4072 titudo
371 4009 522 4086 eiusdem
544 4009 644 4069 nubis
667 4009 760 4069 velut
775 4010 888 4087 platea
904 4015 968 4084 est,
988 4026 1074 4087 quae
1090 4025 1171 4087 prae
1187 4009 1405 4086 amplitudine
1424 4025 1485 4070 sua
1501 4008 1645 4068 humano
1661 4005 1792 4067 intelle-

239 4121 295 4174 ctu
320 4112 394 4188 capi
415 4127 483 4172 non
505 4115 629 4188 potest,
654 4112 810 4187 quoniam
827 4113 977 4173 extensio
994 4120 1027 4173 et
1043 4112 1178 4174 diffusio
1196 4113 1358 4174 bonorum
1376 4127 1514 4190 operum
1531 4115 1564 4172 et
1580 4110 1790 4188 amplexione

240 4224 275 4278 et
299 4215 475 4276 dilectione
499 4214 661 4275 virtutum
686 4219 780 4275 tanta
795 4220 867 4292 est,
886 4215 974 4292 quod
990 4218 1187 4292 propagatio
1203 4231 1319 4277 earum
1335 4211 1360 4296 ⁴)
1377 4231 1437 4276 cor
1451 4213 1634 4276 humanum
1648 4212 1789 4274 excedit.

934 4418 1090 4484 XLVIIII.

773 4630 821 4693 De
844 4629 1013 4692 beatorum
1035 4631 1266 4694 mansionibus.

286 4839 341 4902 62.
365 4838 403 4899 ln
425 4839 541 4899 eadem
566 4845 678 4899 autem
695 4839 797 4914 nube,
816 4840 961 4900 maxima
977 4839 1156 4901 multitudo
1174 4840 1360 4913 beatorum,
1378 4844 1413 4898 et
1430 4835 1488 4914 qui
1504 4851 1619 4896 omnes
1636 4835 1793 4913 spiritum

240 4943 331 5004 vitae
355 4942 488 5018 hahent,
514 4949 547 5004 et
563 4959 649 5019 quos
664 4958 760 5004 nemo
777 4943 990 5005 dinumerare
1006 4949 1128 5020 potest:
1147 4943 1225 5019 quia
1242 4943 1277 5003 in
1292 4942 1402 5003 beatis
1419 4939 1650 5002 mansionibus
1666 4939 1794 5001 anima·

282 5111 304 5176 ¹)
320 5115 343 5166 l.
358 5108 420 5166 Cor.
436 5109 503 5174 llll,
517 5115 543 5170 l.
560 5143 592 5155 ψ-
604 5115 714 5172 audivit
726 5131 831 5171 arcana
843 5111 890 5169 W.
1072 5110 1095 5178 ³)
1116 5112 1211 5167 naban
1231 5111 1402 5168 turbidam...
1429 5125 1496 5168 mox
1521 5109 1633 5168 turbido
1653 5109 1792 5168 bominum

279 5198 303 5264 ²)
317 5196 464 5254 conticeat
476 5195 521 5254 W.
1036 5215 1120 5272 opero
1131 5196 1165 5254 A.
1181 5229 1214 5239 -
1229 5197 1250 5266 ⁴)
1264 5214 1356 5255 corum
1368 5195 1402 5253 A.
