3998 6100
289 491 332 560 50
867 517 897 564 s.
923 517 1189 567 nruoscnnors
1279 530 1284 536 ·

298 634 375 715 tta.
399 623 524 700 Deinde
539 637 609 698 vidi
626 639 711 699 alios
728 638 900 716 praefatae
916 641 1141 703 multitudinis
1159 643 1313 719 spiritus,
1331 644 1389 720 qui
1405 649 1522 705 contra
1538 645 1722 707 exereitum
1738 634 1799 709 bei

254 742 304 802 sic
327 741 527 803 clamabant:
549 761 565 800 r
584 741 689 814 Quam
705 740 909 820 potestatem
924 744 1059 806 habetis
1083 745 1262 806 adversum
1280 745 1358 806 nos‘i
1374 746 1515 808 Nullam.
1536 766 1553 807 a
1571 749 1611 810 Et
1627 750 1733 810 multo
1750 748 1801 812 tua

256 861 332 906 rore
356 846 498 906 feminas
516 846 750 924 inspiciebant,
768 847 929 909 dicentes:
949 867 966 908 ι
984 848 1074 909 Istae
1091 848 1133 909 ad
1149 850 1426 926 propagationem
1451 852 1577 914 saeculi
1595 853 1687 916 velut
1710 858 1802 914 terra

252 969 269 1008 a
288 950 330 1011 ad
348 950 498 1026 germina
515 955 613 1026 aptae
629 955 709 1011 sunt
723 943 762 1028 Ι).Ι
776 951 868 1013 Unde
886 952 1084 1014 festinemus
1101 957 1160 1013 eas
1178 953 1350 1029 seducere,
1367 969 1409 1014 ne
1433 954 1618 1031 producant
1633 957 1800 1033 praelian-

254 1071 272 1112 ι
291 1059 343 1114 tes
360 1058 477 1114 contra
491 1069 563 1114 nos.
584 1070 601 1111 a
619 1053 702 1113 Nam
720 1052 821 1113 iidem
838 1055 976 1131 maligni
994 1056 1135 1132 spiritus
1152 1056 1237 1117 iram
1252 1061 1287 1116 et
1305 1055 1451 1116 furorem
1468 1074 1508 1118 ac
1523 1059 1590 1120 alia
1608 1054 1801 1135 hujusmodi

251 1157 340 1217 maia
356 1153 549 1218 hominibus
565 1161 765 1235 proponunt,
783 1162 818 1218 et
833 1173 893 1219 eos
911 1158 953 1219 ad
970 1158 1150 1220 homicidia
1168 1158 1399 1221 exhortantur.
1637 1156 1639 1160 ’

921 1365 1126 1426 Lxxxxvn:

834 1573 947 1634 Poena
969 1575 1218 1635 iracundorum.

298 1775 374 1844 115.
398 1777 438 1842 ut
461 1773 530 1842 vidi
556 1771 727 1842 turbidum
752 1793 864 1840 aerem
886 1781 974 1841 sicut
992 1781 1102 1855 ignem
1120 1779 1315 1856 ferventem,
1333 1788 1367 1841 et
1384 1781 1448 1841 sub
1464 1796 1505 1841 eo
1521 1782 1631 1842 lacum
1649 1782 1798 1859 amplum

251 1894 288 1949 et
310 1888 462 1963 nigrum,
487 1890 521 1945 et
545 1883 681 1944 sordida
706 1883 884 1960 putredine
905 1885 1053 1960 plenum,
1078 1887 1113 1945 in
1128 1900 1195 1961 quo
1211 1900 1345 1945 vermes
1361 1892 1469 1960 erant,
1494 1886 1628 1946 oculum
1647 1886 1800 1946 nnumin

253 1991 339 2052 facie
363 1989 537 2062 babentes,
563 2002 602 2047 ac
626 1992 731 2048 totam
748 1987 959 2063 putredinem
976 1988 1068 2048 illam
1085 1987 1203 2048 caudis
1220 1989 1293 2048 suis
1309 1994 1569 2050 commoventes.
1587 1988 1650 2050 Sed
1667 1990 1799 2050 animae

251 2110 341 2172 quae
366 2093 399 2152 in
423 2092 558 2152 saecuto
583 2092 669 2152 iram
693 2106 768 2152 cum
788 2091 864 2151 odio
882 2091 1081 2166 habuerant,
1098 2107 1159 2152 nec
1178 2092 1220 2152 ab
1237 2092 1295 2152 ilia
1311 2098 1539 2168 cessaverant,
1559 2093 1591 2152 in
1607 2092 1723 2153 eadem
1738 2108 1800 2168 pu*

254 2199 342 2260 trida
366 2196 464 2258 sorde
487 2203 521 2255 et
544 2195 717 2256 vermibus
740 2195 814 2272 ejus
838 2195 1085 2272 affligebantur,
1111 2211 1151 2256 ac
1173 2196 1216 2256 ab
1238 2196 1314 2272 igne
1330 2195 1480 2272 eiusdem
1497 2197 1586 2256 aeris
1604 2195 1797 2256 urebantur.

253 2301 336 2362 Nam
360 2301 439 2378 quia
464 2301 547 2361 iram
571 2314 648 2360 cum
671 2300 781 2360 tenaci
803 2299 881 2359 odio
906 2301 1115 2360 incessanter
1137 2301 1171 2358 in
1189 2314 1226 2358 se
1243 2298 1441 2374 habuerant,
1460 2299 1558 2360 sorde
1575 2305 1610 2359 et
1624 2299 1798 2360 vermibus

251 2407 405 2486 ejusdem
434 2407 526 2468 lacus
556 2404 821 2481 torquebantur,
855 2403 954 2464 sorde
984 2404 1115 2464 scilicet
1147 2410 1286 2480 propter
1317 2405 1413 2478 iram,
1451 2404 1624 2465 vermibus
1662 2409 1801 2480 propter

256 2511 378 2574 odium.
404 2510 445 2570 Et
468 2509 626 2586 quoniam
650 2507 803 2568 eamdem
827 2506 913 2566 iram
937 2507 970 2566 in
995 2505 1109 2567 surore
1132 2507 1394 2583 compleverant,
1421 2507 1530 2582 ignem
1551 2505 1693 2583 praefati
1711 2505 1803 2566 aeris

250 2614 476 2692 patiebantur.

914 2809 1134 2881 Lxxxxv'ln.

929 3021 976 3088 De
1000 3019 1123 3086 eodem.

296 3243 372 3306 116.
386 3239 524 3302 Animae
541 3243 653 3297 autern
670 3249 756 3312 quoe
774 3235 846 3294 sine
862 3234 939 3294 odio
956 3239 990 3294 et
1007 3234 1078 3294 sine
1095 3233 1336 3295 consuetudine
1353 3235 1435 3310 irae,
1453 3235 1532 3295 dum
1549 3233 1583 3295 in
1598 3235 1800 3312 corporibus

251 3351 322 3411 suis
340 3347 494 3418 inissent,
514 3343 548 3402 in
572 3343 657 3401 iram
681 3338 859 3416 aliquando
884 3345 995 3398 motae
1013 3345 1102 3413 sunt,
1124 3343 1244 3398 exutae
1259 3339 1457 3416 corporibus
1473 3341 1564 3399 circa
1579 3339 1733 3400 eumdem
1750 3341 1799 3400 io·

250 3472 327 3517 cum
353 3453 457 3525 ibant,
482 3455 516 3508 et
539 3461 678 3522 magnas
700 3459 826 3522 poenas
844 3444 928 3503 istas
946 3444 981 3502 in
996 3459 1034 3503 eo
1051 3443 1220 3518 videbant,
1239 3459 1278 3504 ac
1294 3459 1352 3504 eas
1370 3444 1542 3506 timebant.
1559 3443 1621 3505 Sed
1638 3444 1797 3521 quoniam

251 3561 313 3620 ira·
326 3559 359 3618 in
382 3555 466 3632 ipsis
492 3555 678 3612 inveterata
694 3564 761 3611 non
777 3546 898 3622 iuerat,
923 3545 1042 3607 iisdem
1059 3547 1176 3623 poenis
1193 3551 1302 3608 tactae
1319 3563 1385 3608 non
1402 3554 1491 3623 sunt,
1510 3549 1568 3609 sed
1585 3564 1644 3608 eos
1661 3547 1797 3624 quidem

250 3680 310 3742 pro
328 3661 500 3739 repentina
519 3657 568 3718 ira
584 3654 751 3727 viderunt,
771 3658 805 3712 et
822 3652 872 3712 sic
887 3668 946 3714 eos
962 3652 1030 3713 cito
1047 3658 1237 3714 evaserunt.

904 3853 1139 3922 Lxxxxvsstr.

797 4069 911 4129 Poena
933 4067 1174 4128 homicidarum
1198 4087 1240 4128 ex
1263 4071 1326 4129 iro.

296 4277 371 4348 tir.
388 4278 451 4344 Sed
468 4283 501 4340 et
518 4293 675 4354 magnum
693 4276 803 4352 ignem
820 4274 901 4351 vidi,
915 4275 972 4351 qui
985 4275 1140 4335 diversas
1152 4282 1186 4336 et
1202 4277 1385 4337 acerrimas
1397 4292 1523 4353 poenas
1541 4277 1672 4340 ardoris
1688 4283 1722 4338 et
1739 4276 1798 4338 iri-

248 4392 341 4469 goris
368 4403 408 4450 ac
432 4386 644 4447 diversorum
665 4379 832 4440 vermium
856 4379 890 4438 in
913 4394 950 4439 se
966 4378 1112 4440 habebat
1126 4376 1163 4459 ²).
1181 4379 1221 4440 Et
1237 4380 1367 4441 animae
1384 4380 1518 4442 illorum
1536 4382 1645 4460 quiin
1661 4381 1797 4443 maculo

249 4513 309 4574 per
334 4493 481 4555 furorem
506 4489 575 4548 irae
600 4483 817 4545 homicidium
841 4487 1134 4560 perpetraverant,
1163 4485 1196 4544 in
1219 4484 1337 4561 poenis
1361 4485 1437 4547 istis
1461 4485 1694 4563 puniebantur.
1712 4483 1797 4546 Nam

250 4606 388 4679 propter
404 4597 490 4658 iram
506 4589 678 4652 homicidii
696 4588 816 4664 ignem,
834 4593 868 4648 et
883 4592 1021 4664 propter
1037 4589 1305 4650 excaecationem
1322 4607 1430 4668 suam,
1443 4608 1511 4669 qua
1522 4608 1588 4652 non
1604 4585 1812 4654 considero·⁸

250 4712 368 4768 verant
384 4702 464 4780 quid
483 4699 641 4771 iacerent,
660 4694 779 4770 frigus,
798 4708 837 4752 ac
853 4698 992 4769 propter
1008 4693 1233 4755 temeritatem
1250 4711 1358 4772 suam,
1377 4713 1443 4774 qua
1460 4697 1639 4771 imaginem
1654 4693 1714 4756 Dei
1729 4709 1797 4757 nou

251 4813 442 4880 timuerant,
460 4815 593 4864 vermes
610 4813 731 4877 passae
749 4803 837 4856 sunt.

287 5015 308 5080 ί)
321 5015 503 5086 oportuerant
516 5004 563 5062 W.
579 5035 612 5044 -
626 5003 648 5070 ²)
662 5001 795 5058 habebunt
807 4999 853 5054 W.
