3992 6092
731 512 851 562 LIBER
877 510 978 561 VII'AE
1005 510 1239 562 nemrottuu
1682 502 1724 560 53

206 638 340 708 verunt,
366 633 396 694 si
419 631 591 694 eruciatus
615 648 731 692 eorum
755 633 1002 706 abhorruerint,
1029 630 1184 692 studeant
1210 637 1246 692 ut
1270 631 1401 707 seipsos
1422 646 1483 708 pro
1500 630 1628 692 eisdem
1644 647 1759 692 exces-

209 739 305 798 sibus
330 737 417 813 suiS,
442 737 521 797 dum
546 735 655 797 adhuc
671 738 706 797 in
722 737 857 797 saeculo
874 737 1004 810 vivunt,
1022 736 1172 812 puniant,
1191 751 1231 794 ne
1248 734 1434 795 deteriores
1451 751 1576 812 poenas
1594 735 1627 796 in
1644 734 1757 796 tuturo

208 843 408 902 sustineant.
426 840 489 913 Qui
506 841 594 900 enim
612 841 697 900 iram
714 840 747 900 iu
763 839 840 901 odio
857 845 891 900 et
908 840 942 900 in
958 837 1199 900 consuetudine
1217 838 1282 899 sibi
1299 838 1509 916 praeierunt,
1535 839 1565 899 si
1585 837 1758 915 praefatos

205 945 372 1020 malignos
399 943 552 1020 spiritus,
581 945 666 1005 iram
684 943 750 1004 sibi
767 948 997 1020 suggerentes,
1022 942 1064 1003 de
1080 958 1117 1002 se
1140 943 1313 1020 repetiere,
1332 948 1365 1002 et
1381 958 1507 1020 poenas
1523 943 1597 1020 ejus
1613 941 1757 1005 eradere

206 1047 408 1124 studuerint,
430 1048 541 1108 cilicio
558 1053 592 1108 et
607 1048 807 1109 verberibus
824 1063 861 1108 se
878 1046 1040 1124 affligant,
1058 1063 1097 1108 ac
1113 1047 1211 1124 plena
1225 1045 1351 1123 jejunia
1368 1047 1541 1124 arripiant.

935 1255 1026 1316 cvtl.

791 1465 838 1529 De
859 1467 1067 1544 poenitentia
1089 1468 1170 1527 irae.

248 1671 325 1733 125.
342 1671 375 1734 Si
391 1687 472 1734 vero
490 1673 575 1734 iram
592 1674 720 1750 absque
737 1675 826 1736 malo
842 1675 919 1736 odio
937 1676 970 1735 in
987 1690 1024 1735 se
1041 1675 1279 1750 accenderunt,
1297 1682 1331 1737 et
1348 1674 1411 1735 hoc
1427 1673 1597 1748 corrigere
1621 1671 1750 1744 volunt,

202 1775 352 1837 cilicium
375 1782 409 1838 et
432 1777 661 1853 flagellasive
682 1777 809 1853 jejunia
833 1779 1016 1840 secundum
1040 1779 1175 1840 modum
1199 1779 1358 1856 ponderis
1381 1777 1575 1840 eorumdem
1598 1779 1752 1851 peccato-

201 1895 277 1940 rum
294 1881 358 1940 sibi
378 1882 563 1960 imponant,
581 1888 616 1942 et
632 1882 815 1944 secundum
832 1883 967 1944 modum
984 1900 1083 1961 quem
1101 1885 1142 1945 ab
1159 1884 1348 1946 animarum
1366 1900 1505 1946 suarum
1522 1885 1654 1944 rectore
1676 1892 1752 1956 per-

206 1985 366 2062 ceperint.

920 2200 1029 2261 CVIII.

767 2405 826 2468 Iro
845 2410 1029 2486 pessimum
1052 2411 1182 2470 vitium.

243 2607 318 2672 126.
344 2611 398 2673 Ira
421 2611 509 2674 enim
533 2613 719 2692 pessimum
742 2617 863 2679 vitium
888 2624 952 2694 est,
977 2623 1011 2678 et
1034 2618 1133 2694 quasi
1157 2633 1216 2679 cor
1231 2617 1363 2680 Diaboli
1379 2624 1443 2695 est,
1465 2625 1499 2680 et
1517 2617 1695 2697 aliquando
1713 2617 1747 2678 in

197 2729 377 2776 cavernam
394 2718 524 2778 colubri
540 2733 578 2779 se
594 2721 784 2798 abscondit,
802 2723 886 2782 etin
903 2723 1145 2785 consuetudine
1162 2724 1327 2784 minarum
1345 2739 1483 2784 suarum
1506 2723 1674 2784 hominem
1699 2723 1747 2782 in-

194 2819 301 2893 vadit,
320 2819 378 2880 ubi
394 2836 531 2882 sensum
549 2839 647 2885 suum
663 2825 786 2901 perdit,
804 2832 837 2886 et
854 2827 1121 2888 benedictionem
1137 2828 1291 2890 Abrahae
1309 2826 1405 2904 fugit,
1423 2829 1481 2904 qui
1499 2828 1532 2887 in
1547 2826 1746 2888 benevolen-

194 2924 263 2984 tiae
279 2924 435 2984 omnibus
451 2927 642 3004 praeceptis
657 2927 716 2990 Dei
734 2931 899 3007 obedivit,
918 2939 1124 3009 quapropter
1139 2933 1284 3010 piurima
1301 2947 1382 3009 gens
1400 2933 1434 2992 in
1453 2931 1685 2992 benedictione
1702 2929 1746 2990 ab

194 3044 235 3088 eo
259 3029 435 3104 processit.
453 3030 638 3092 iracundus
662 3036 751 3095 enim
767 3036 866 3098 horno
886 3053 983 3098 omne
999 3039 1189 3100 virtuosum
1205 3055 1346 3116 granum
1362 3033 1384 3118 ¹)
1403 3037 1563 3113 corrodit,
1580 3042 1614 3098 et
1632 3035 1744 3097 omnia

197 3131 422 3208 germinantia
439 3133 580 3213 mordet,
599 3153 638 3198 ac
655 3139 845 3201 contumaci
871 3139 937 3202 turi
961 3143 1083 3203 similis
1100 3148 1164 3218 est,
1190 3149 1224 3204 et
1248 3149 1386 3220 propter
1409 3143 1521 3204 omnia
1543 3143 1631 3205 dona
1647 3139 1745 3218 digiti

193 3229 254 3296 Dei
270 3237 304 3296 in
320 3236 487 3298 hominem
504 3239 643 3303 frendet.
661 3239 729 3304 Isto
745 3244 835 3305 enim
853 3244 922 3306 iras
938 3251 972 3306 et
988 3248 1079 3323 lites,
1097 3247 1154 3308 ubi
1169 3245 1196 3328 ²)
1213 3249 1349 3324 poterit,
1368 3248 1535 3323 imitatur,
1554 3252 1588 3307 et
1604 3261 1670 3306 non
1686 3261 1741 3305 so·

193 3339 264 3401 lnm
288 3340 479 3420 ruinosam,
498 3345 557 3404 sed
574 3346 714 3408 inomni
731 3351 1020 3425 praevaricatione
1038 3352 1122 3428 legis
1139 3352 1198 3412 Dei
1214 3353 1404 3430 portionem
1421 3367 1518 3414 suam
1534 3352 1638 3429 ponit.
1655 3349 1740 3411 Nam

195 3444 246 3506 ira
262 3445 363 3506 draco
381 3446 437 3506 ille
453 3453 517 3523 est,
535 3449 593 3526 qui
611 3453 724 3513 omnia
739 3455 918 3532 cumbunt,
936 3471 1149 3536 quocumque
1164 3458 1268 3533 vadit;
1285 3463 1319 3518 et
1337 3456 1391 3518 fur
1411 3458 1468 3519 ille
1480 3463 1544 3533 est,
1558 3457 1617 3533 qui
1630 3455 1743 3516 omnia

194 3547 338 3624 iuratur,
355 3555 389 3609 et
412 3551 501 3628 rapit
524 3569 756 3633 quaecumque
777 3558 883 3620 furari
900 3565 933 3620 et
950 3577 1068 3637 rapere
1084 3563 1217 3639 poterit.
1235 3563 1272 3623 In
1289 3563 1339 3622 ira
1355 3563 1444 3623 enim
1461 3562 1596 3639 sapiens
1614 3562 1648 3621 in
1665 3559 1744 3620 insia
1763 3575 1765 3581 ·

191 3652 319 3728 pientia
342 3653 481 3730 insanit,
507 3662 541 3717 et
557 3659 689 3734 patiens
706 3661 740 3722 in
756 3662 965 3740 impatientia
981 3667 1162 3742 contendit,
1180 3683 1219 3727 ae
1236 3667 1429 3727 moderatus
1447 3667 1480 3725 in
1493 3664 1741 3726 immoderatio-

192 3771 235 3816 ne
257 3757 360 3818 vadit.
383 3759 439 3820 ,Ira
463 3776 596 3839 quoque
621 3765 809 3826 amaritudo
835 3768 893 3829 illa
916 3775 980 3846 est,
1005 3786 1091 3847 quae
1115 3771 1300 3833 bonitatem
1324 3777 1357 3832 et
1381 3771 1584 3832 suavitatem
1609 3770 1642 3831 in
1666 3769 1740 3845 iege

191 3863 227 3918 et
243 3859 276 3919 in
291 3865 480 3940 praeceptis
497 3864 555 3926 Dei
578 3869 716 3944 evomit3
732 3875 767 3930 et
784 3870 951 3934 homicida
976 3874 1032 3934 ille
1048 3880 1111 3950 est,
1129 3867 1154 3954 ⁸)
1172 3877 1230 3956 qui
1246 3891 1369 3952 corpus
1386 3883 1420 3936 ct
1443 3875 1589 3935 animam
1606 3873 1738 3950 dividit,

190 3979 253 4023 nec
275 3980 334 4026 eos
358 3967 459 4028 simul
482 3984 559 4030 esse
581 3973 719 4048 patitur.
745 3975 822 4052 Ipsa
845 3977 949 4038 etiam
973 3978 1056 4039 illud
1079 3979 1201 4041 durum
1225 3987 1259 4040 et
1291 3981 1506 4057 importabile
1530 3996 1648 4042 saxum
1671 3985 1735 4058 est,

190 4067 282 4146 quod
305 4085 403 4131 omne
426 4072 548 4134 bonum
571 4081 606 4136 et
628 4091 760 4139 omnem
781 4080 950 4156 justitiam
978 4088 1151 4146 conterere
1180 4086 1361 4162 contendit;
1387 4085 1474 4146 unde
1497 4086 1586 4147 etin
1610 4083 1739 4148 inferno

190 4173 302 4250 portio
318 4173 391 4250 elus
408 4181 471 4252 eet,
496 4180 654 4255 quoniam
671 4183 832 4246 coelestia
855 4201 1066 4250 commovere
1090 4189 1269 4252 desiderat.
1287 4190 1378 4252 Unde
1402 4207 1506 4268 quum
1520 4186 1544 4272 ⁴)
1570 4191 1739 4253 hominem

189 4279 412 4354 superaverit,
441 4295 518 4342 eum
545 4292 639 4346 extra
668 4288 835 4366 seducit,
861 4306 900 4351 ac
925 4291 959 4352 in
981 4298 1110 4355 tantam
1134 4296 1315 4356 amentiam
1338 4296 1472 4371 evertit,
1497 4295 1587 4374 quod
1610 4308 1672 4356 nec
1695 4295 1736 4356 de

190 4381 346 4455 terrenis,
364 4397 425 4442 nec
441 4384 482 4444 de
498 4388 703 4451 coelestibus
727 4393 864 4468 cogitat,
891 4411 966 4456 cum
992 4397 1086 4458 illum
1110 4399 1168 4475 qui
1192 4399 1234 4460 ad
1259 4400 1437 4476 imaginem
1460 4398 1520 4460 Dei
1538 4399 1647 4460 iactus
1671 4405 1735 4473 est,

190 4483 324 4544 omnino
340 4489 484 4550 conterit
508 4497 542 4552 et
559 4491 714 4571 dissipat,
740 4497 830 4572 quod
854 4499 949 4560 netas
973 4503 1145 4562 cruciatus
1163 4502 1327 4564 maximos
1352 4504 1418 4565 sibi
1434 4505 1634 4576 accumulat.
1652 4503 1737 4574 Qua-

188 4594 328 4664 propter
351 4588 504 4654 homines
530 4597 563 4656 in
587 4599 824 4678 qualicumque
848 4601 1029 4667 homicidio
1052 4608 1342 4683 praevaricatores
1363 4608 1517 4685 justitiae
1541 4609 1735 4682 existentes,

189 4708 333 4769 corpora
349 4711 421 4770 sua,
440 4699 563 4774 quibus
587 4701 670 4762 baec
694 4707 860 4767 acerrima
883 4708 1018 4784 piacula
1041 4713 1300 4790 commiserunt,
1333 4713 1418 4775 diris
1447 4713 1654 4775 cruciatibus
1677 4726 1737 4787 pu·

185 4797 291 4874 niani,
316 4806 482 4876 quatenus
500 4806 629 4866 animos
654 4825 771 4870 suosa
794 4812 977 4888 praedictis
993 4817 1111 4891 poenis
1135 4817 1289 4894 eripiant.

226 4997 418 5072 ἪΝΜΑ·
431 5007 714 5084 diatonum.
728 5011 945 5084 -utomtaaa
957 5016 1312 5108 iilatiieertW.—⁴)cum
1322 5025 1394 5080 enim
1404 5019 1733 5085 emmennone.
