3998 6100
709 561 826 610 arnan
854 561 952 608 viras
981 561 1211 608 unnrronuu
1659 543 1702 602 25

187 677 274 750 unus
291 685 412 748 nubem
432 687 575 762 igneam,
594 699 680 743 unus
697 682 877 756 turbidam,
897 697 981 741 unus
999 681 1143 741 lucidam
1161 695 1263 756 super
1279 694 1314 738 se
1331 677 1443 753 hebet,
1463 679 1509 737 ita
1525 677 1613 754 quod
1631 677 1728 738 iidem

187 793 279 853 venti
300 789 434 852 easdem
451 787 556 850 nubes
574 787 750 848 sustinent:
768 787 848 863 quia
865 787 920 846 via
937 801 1002 846 una
1015 785 1167 862 justitiae
1183 784 1325 861 gloriam
1342 782 1550 858 angelorum,
1569 783 1602 842 in
1618 797 1733 844 amore

188 895 248 956 Dei
271 893 472 968 ardentium,
497 893 532 952 et
553 889 638 950 nihil
661 889 753 950 aliud
777 906 877 967 quam
894 889 982 967 quod
999 888 1087 949 Deus
1111 888 1184 948 vult
1207 888 1402 962 volentium,
1420 887 1513 947 velut
1528 886 1659 961 igneam
1676 903 1735 946 uu-

190 1000 266 1062 bem
289 999 412 1074 portat;
438 1011 477 1056 ac
500 996 557 1055 via
571 989 594 1075 ¹)
620 1010 697 1070 una,
723 1009 824 1069 opera
841 993 1023 1064 hominum,
1042 1008 1127 1069 quae
1145 992 1278 1053 turbida
1294 994 1328 1052 et
1342 991 1438 1052 varia
1455 991 1488 1052 in
1504 992 1618 1052 multis
1634 1005 1737 1066 angu-

189 1102 265 1164 stiis
289 1102 323 1162 et
346 1097 619 1164 tribulationibus
644 1097 740 1174 quasi
765 1097 899 1158 turbida
922 1097 1028 1157 nubes
1053 1098 1114 1171 est;
1140 1112 1180 1156 ac
1204 1113 1280 1171 una,
1299 1097 1332 1156 in
1349 1097 1576 1157 incarnatione
1591 1094 1734 1170 Domini,

190 1203 366 1266 candidam
391 1206 425 1264 et
448 1201 611 1262 illibatam
631 1200 872 1277 virginitatem,
890 1201 983 1260 velut
999 1200 1142 1260 lucidam
1160 1200 1293 1274 nubem,
1312 1215 1412 1275 super
1428 1215 1463 1260 se
1480 1201 1636 1275 continet,
1655 1205 1749 1276 quo-'

189 1309 279 1370 niam
300 1306 433 1384 Justilia
456 1303 707 1366 fundamentum
732 1305 873 1364 istorum
894 1306 957 1379 est,
979 1307 1013 1364 et
1029 1320 1086 1365 eos
1103 1305 1138 1364 in
1153 1303 1358 1365 beatitudine
1379 1305 1531 1365 sustinet.
1549 1304 1630 1365 Nam
1647 1303 1735 1364 Deus

191 1413 226 1474 in
248 1413 378 1473 secreto
401 1408 584 1470 voluntatis
609 1423 690 1468 suae
706 1409 818 1468 omnia
833 1407 1025 1483 disponens,
1043 1409 1220 1485 omniaque
1235 1396 1417 1484 procedere
1436 1407 1573 1484 faciens,
1592 1409 1732 1484 spiritus

193 1529 414 1593 supernorum
438 1513 562 1574 civium
587 1513 621 1572 in
645 1511 844 1573 rectitudine
868 1513 1043 1588 continuit;
1061 1512 1228 1574 hominem
1246 1513 1346 1573 etiam
1365 1513 1398 1572 in
1415 1512 1548 1574 turbida
1565 1529 1667 1590 opera
1682 1527 1737 1574 ca-

193 1619 337 1694 dentem,
362 1633 404 1678 ne
427 1617 562 1677 omnino
584 1616 720 1692 periret,
745 1615 916 1691 sustinuit
935 1618 1036 1692 atque
1051 1631 1111 1692 per
1129 1617 1291 1678 illibatam
1309 1616 1569 1678 incarnationem
1587 1621 1620 1680 ot
1635 1619 1739 1697 virgi-

197 1721 314 1782 nitatis
337 1721 445 1782 lucem
470 1735 573 1796 opera
589 1718 802 1780 tenebrarum
821 1719 959 1796 fugavit,
978 1723 1011 1781 et
1027 1737 1066 1780 ea
1083 1737 1169 1797 quae
1187 1727 1280 1781 recta
1296 1727 1385 1795 sunt,
1403 1719 1655 1784 demonstravit.
1674 1725 1739 1786 An·

193 1825 260 1906 geli
283 1824 371 1884 enim
397 1823 430 1884 in
454 1839 569 1884 amore
593 1822 652 1883 Dei
672 1827 940 1899 permanserunt
958 1823 1107 1884 ethome
1124 1823 1410 1899 aDeorecedens,
1429 1839 1488 1900 per
1505 1828 1619 1886 sancta
1636 1841 1738 1902 opera

81 1913 86 1922 ⁸
195 1930 228 1990 in
244 1928 390 2005 priorem
408 1928 549 2004 gloriam
567 1927 744 1988 restitutus
760 1934 824 2003 est,
843 1928 923 2004 quia
938 1942 1040 2003 opera
1057 1928 1091 1986 in
1107 1929 1285 1988 sanctitate
1300 1927 1461 2004 perfecta,
1478 1929 1646 1992 hominem
1665 1947 1740 1993 san-

194 2035 284 2092 ctum
296 2021 470 2092 'lecerunt
495 2029 558 2092 Sed
583 2032 690 2092 sancti
713 2031 811 2091 modo
837 2031 870 2092 in
887 2031 1001 2091 labore
1017 2031 1128 2092 carnis
1144 2034 1336 2107 operantum
1353 2038 1430 2108 post
1446 2034 1664 2096 novissimum
1680 2052 1739 2098 au·

196 2142 264 2195 tem
289 2135 390 2211 diem,
415 2135 450 2195 in
474 2133 669 2211 symphonia
692 2137 726 2195 et
750 2135 784 2194 in
806 2135 960 2195 omnibus
977 2134 1130 2194 laudibus
1147 2134 1369 2196 laetabuntur.
1387 2135 1469 2196 Nam
1486 2153 1564 2196 caro
1585 2139 1740 2214 spiritum

193 2253 281 2298 nuno
304 2239 338 2298 in
361 2253 461 2299 carne
485 2237 695 2314 constringit,
721 2239 860 2312 spiritus
884 2239 994 2299 autem
1013 2253 1146 2298 earnem
1163 2241 1279 2315 postea
1296 2239 1360 2300 sibi
1378 2239 1546 2318 subjiciet,
1563 2248 1598 2302 el
1614 2245 1663 2304 sic
1678 2245 1738 2306 ho-

196 2358 250 2403 mo
267 2344 356 2404 totus
373 2347 509 2404 sanctus
525 2343 599 2410 erit.

874 2545 1069 2611 XXXVIIII.

555 2759 675 2836 Angeli
698 2759 740 2818 cd
764 2759 967 2819 voluntalem
991 2758 1052 2818 Det
1077 2777 1206 2836 semper
1225 2762 1382 2838 prompti.
1490 2819 1491 2824 ,

243 2969 296 3030 5l.
320 2967 383 3029 Sed
407 2959 537 3042 ventus,
563 2966 685 3026 nubem
710 2966 841 3042 igneam
863 2981 963 3042 super
981 2981 1016 3026 se
1032 2966 1171 3042 habens,
1190 2969 1266 3028 ante
1284 2966 1403 3028 faciem
1420 2967 1570 3044 eiusdem
1586 2973 1652 3033 viri
1667 2989 1743 3049 per·

200 3077 321 3148 manet,
348 3071 505 3149 quoniam
527 3070 660 3147 justitia
684 3069 826 3146 gloriam
844 3071 1050 3146 angelorum,
1069 3071 1103 3130 in
1119 3085 1232 3131 amore
1247 3069 1306 3131 Dei
1324 3071 1522 3148 ardentium,
1541 3075 1575 3135 in
1591 3080 1745 3152 superuis

201 3183 327 3251 tenens,
354 3177 387 3236 in
410 3175 583 3236 voluntate
606 3177 640 3234 et
664 3173 698 3232 in
720 3173 829 3249 gloria
851 3172 910 3234 Ilei
930 3173 1100 3250 perdurat,
1118 3175 1198 3250 quia
1214 3175 1325 3250 angeli
1341 3174 1460 3236 taciem
1478 3176 1551 3254 ejus
1568 3178 1746 3255 inspicien-

203 3289 265 3356 tes,
283 3281 324 3342 ad
339 3281 546 3341 voluntatem
565 3279 672 3354 ipsius
689 3293 822 3356 semper
837 3279 984 3353 prompti
1001 3281 1089 3354 sunt,
1106 3293 1167 3338 nec
1183 3295 1203 3339 a
1217 3278 1286 3339 Deo
1303 3279 1471 3341 recedunt.

940 3486 1008 3551 XL.

703 3698 791 3759 Deus
816 3717 916 3775 opera
939 3703 1128 3759 sanctorum
1150 3702 1250 3761 novit.

213 3913 216 3920 '
246 3905 299 3968 52.
324 3907 388 3968 Alii
404 3911 515 3967 autem
528 3905 597 3966 'duo
614 3905 705 3966 venti
721 3921 797 3965 cum
813 3905 960 3967 nubibus
977 3907 1047 3967 suis
1063 3907 1105 3967 ad
1121 3909 1236 3982 pectus
1253 3906 1324 3983 ejus
1341 3907 1555 3985 descendunt,
1574 3913 1670 3976 stibi
1687 3917 1745 3980 lla·

203 4017 257 4073 tus
281 4027 360 4071 suos
383 4008 583 4086 expandunt,
608 4010 765 4086 quoniam
788 4009 919 4085 justitia
943 4009 1072 4071 duabus
1095 4010 1162 4071 viIs
1186 4026 1261 4071 cum
1278 4011 1412 4072 homino
1429 4013 1597 4092 incedens,
1615 4019 1746 4083 scilicet

204 4131 269 4176 una
287 4115 321 4174 in
335 4113 442 4174 veteri
458 4113 556 4190 Lege,
575 4129 641 4174 una
658 4113 691 4173 in
707 4113 935 4174 incarnatione
952 4113 1028 4174 Filii
1043 4113 1113 4189 Ilei,
1132 4129 1207 4174 oum
1225 4114 1321 4176 bouis
1337 4116 1496 4192 operibus
1513 4116 1683 4182 hominum
1703 4126 1745 4186 ad

204 4217 401 4294 profundam
426 4217 599 4278 scientiam
617 4215 677 4276 Dei
692 4215 874 4290 deseendit
894 4217 950 4277 ubi
968 4217 1001 4276 ln
1017 4216 1131 4278 multis
1148 4217 1360 4279 mirabilibus
1376 4218 1547 4296 dilatatur,
1565 4225 1644 4299 quia
1659 4225 1747 4288 Deus

204 4338 304 4397 opera
328 4322 520 4382 sanctorum
544 4321 647 4395 novit,
672 4335 733 4380 nec
757 4335 797 4380 ea
821 4320 981 4381 oblivioni
1003 4321 1117 4396 tradit;
1135 4321 1260 4382 aedeis
1278 4323 1312 4382 in
1328 4329 1459 4384 secreto
1476 4327 1608 4386 consilii
1624 4330 1677 4389 sui
1693 4345 1749 4392 ee-

204 4433 332 4486 ternam
357 4424 657 4484 remunerationem
682 4424 861 4500 componIt,
889 4439 927 4484 ac
951 4439 992 4484 ea
1010 4421 1035 4504 ²)
1055 4425 1088 4484 in
1105 4425 1243 4486 infinitis
1260 4425 1416 4487 laudibus
1431 4427 1473 4487 ad
1490 4429 1633 4504 gloriam
1650 4447 1746 4494 suam

205 4528 369 4605 expandit.
447 4589 450 4596 ,

251 4634 304 4694 53.
330 4631 423 4705 Quod
443 4638 554 4692 autem
570 4637 701 4706 ventus,
719 4631 778 4708 qui
795 4633 869 4692 ante
888 4629 1006 4692 faciam
1025 4631 1132 4708 ipsius
1149 4638 1213 4709 est,
1231 4649 1306 4694 eum
1323 4634 1410 4710 nube
1426 4652 1488 4698 sua
1505 4652 1541 4697 se
1558 4637 1600 4697 ab
1616 4639 1751 4702 Oriente

207 4739 248 4799 ad
272 4740 431 4799 Austrum
456 4736 625 4813 expandit,
652 4735 715 4795 hoc
736 4742 788 4795 est
805 4736 893 4813 quod
907 4736 1040 4814 justitia
1057 4753 1169 4798 coram
1187 4738 1253 4799 Deo
1272 4739 1402 4815 fulgens
1420 4757 1494 4800 cum
1512 4742 1619 4817 glorIa
1636 4761 1752 4819 super-

207 4855 324 4902 norum
349 4841 540 4918 spirituum,
566 4838 608 4900 ab
632 4841 708 4900 ortu
734 4839 790 4900 illo
816 4857 881 4916 quo
906 4841 939 4900 in
955 4842 1099 4902 veritate
1114 4843 1345 4918 perstiterunt,
1364 4844 1405 4904 ad
1423 4850 1515 4904 reeta
1530 4859 1632 4920 opera
1649 4845 1755 4909 honri-

208 4961 285 5007 num
305 4945 456 5021 tendunt,
474 4951 639 5023 quatenus
656 4943 754 5005 homo
770 4959 830 5020 per
847 4944 962 5004 eadem
979 4961 1081 5020 opera
1097 4945 1139 5005 ad
1156 4946 1279 5022 gaudia
1295 4949 1444 5024 ipsorum
1461 4949 1554 5010 velut
1570 4950 1612 5010 ad
1628 4951 1751 5013 bonum

208 5057 318 5134 ortum
343 5049 522 5126 pertingas
548 5049 705 5126 quoniam
729 5047 818 5109 Deus
835 5050 989 5125 angelum
1007 5055 1041 5109 et
1058 5049 1224 5111 hominem
1244 5051 1276 5110 in
1293 5069 1359 5113 una
1376 5054 1604 5115 rationalitate
1621 5056 1757 5132 conjun-

246 5199 267 5264 ¹>
280 5204 329 5256 vie
342 5215 398 5264 om,
412 5201 458 5258 W.
546 5283 553 5300 Ι
984 5202 989 5272 1
1022 5203 1159 5268 'taceam
1172 5201 1218 5257 W.

1661 5301 1680 5338 ff
