3992 6092
881 570 907 614 S.
933 570 1204 618 uluuuunnurs

980 791 1104 854 XXXV.
1204 819 1205 824 ¹

409 1000 549 1060 Gaudiis
573 1003 739 1077 frueretur
763 1001 895 1058 animae
917 1003 1153 1077 perfectorum,
1179 1003 1236 1078 qui
1259 1004 1412 1078 fuerunt,
1439 1005 1522 1064 sicut
1547 1004 1672 1080 andeli,

801 1101 839 1160 ab
862 1103 1047 1163 hominibus
1071 1107 1228 1181 separati.
1253 1100 1277 1184 ¹)

308 1309 361 1370 dl.
381 1309 443 1369 Sed
468 1309 502 1369 in
519 1309 664 1369 candore
687 1309 840 1385 ejusdem
858 1310 1085 1386 beatitudinis
1112 1313 1146 1372 in
1169 1313 1405 1373 secretioribus
1430 1313 1562 1388 gaudiis
1579 1311 1665 1372 aliae
1682 1313 1820 1372 animae

265 1410 492 1486 perfectorum
517 1417 708 1474 sanctorum
726 1417 814 1488 sunt,
840 1414 899 1488 qui
913 1413 1046 1474 divinae
1070 1416 1355 1492 contemplationi,
1373 1415 1452 1476 dum
1468 1417 1503 1476 in
1527 1415 1725 1491 corporibus
1741 1415 1814 1476 suis

267 1515 414 1590 fuerunt,
434 1515 658 1590 inhaeseraut3
685 1519 718 1576 et
735 1515 797 1576 bae
814 1519 903 1576 omni
928 1533 1049 1592 genere
1066 1519 1260 1579 coelestium
1285 1520 1447 1579 virtutum
1465 1535 1504 1578 ao
1519 1520 1611 1578 omni
1627 1533 1748 1594 genere
1766 1521 1815 1577 to-

264 1621 331 1680 tius
349 1621 535 1681 sanctitatis
552 1626 690 1682 ornatae
708 1623 794 1681 sunt.
812 1620 904 1682 Unde
920 1623 1021 1682 etiam
1038 1625 1179 1684 excelsis
1204 1624 1342 1684 vocibus
1360 1624 1516 1684 tubarum
1532 1623 1636 1682 Deum
1661 1621 1810 1692 laudant;

266 1727 421 1800 quaeest
444 1727 636 1800 exspiratio
663 1741 749 1802 quae
773 1742 814 1784 ex
838 1743 895 1786 ore
920 1727 1158 1801 prophetarum
1184 1729 1217 1787 et
1237 1728 1437 1802 sapientium
1461 1743 1502 1786 ac
1522 1729 1732 1786 caeterorum
1755 1722 1815 1782 Dei

265 1827 449 1888 electorum
473 1831 580 1903 sonat,
601 1830 757 1904 quoniam
783 1845 885 1904 opera
901 1829 1012 1889 Sancti
1029 1829 1171 1905 Spiritus
1189 1832 1445 1892 innumerabilia
1466 1832 1500 1891 in
1516 1829 1706 1890 bominibus
1724 1831 1813 1900 sunt,

266 1947 305 1992 ac
322 1933 355 1990 ln
371 1932 510 1992 citharis
534 1933 636 1992 totius
653 1933 766 2007 gaudii
789 1934 968 2009 exsultant,
986 1935 1034 1994 ita
1057 1935 1145 2011 quod
1167 1937 1269 1996 etiam
1294 1937 1425 1996 insono
1450 1937 1518 1996 tam
1536 1932 1694 2006 mirabili,
1720 1930 1811 1990 acin

264 2051 345 2096 sono
362 2039 431 2095 tarn
450 2037 666 2096 inenarrabili
684 2040 851 2112 resonant,
870 2038 959 2114 quod
977 2055 1053 2098 eum
1070 2013 1252 2100 humanum
1269 2057 1328 2100 oor
1342 2056 1405 2101 neo
1426 2055 1546 2114 capere
1563 2053 1625 2098 nec
1650 2035 1816 2110 intellige-

266 2155 302 2198 re
319 2141 451 2212 poterit.
476 2140 558 2199 Nam
577 2141 655 2215 quia
672 2157 746 2200 cum
766 2143 840 2216 igne
857 2145 890 2202 et
906 2159 994 2218 aqua
1011 2145 1044 2202 in
1061 2145 1237 2204 sanctitate
1261 2144 1472 2218 baptismatis
1497 2144 1585 2204 bona
1609 2155 1711 2217 opera
1735 2154 1814 2215 ope·

265 2243 331 2302 rati
356 2243 443 2316 sunt,
461 2251 495 2302 et
518 2245 677 2320 quoniam
695 2247 743 2305 sio
768 2246 802 2304 in
818 2247 943 2306 eisdem
965 2248 1124 2322 operibus
1141 2250 1276 2307 caetera
1296 2248 1460 2308 elementa
1477 2246 1666 2320 movebant,
1685 2245 1759 2304 ideo
1775 2246 1814 2302 ut

266 2362 367 2406 sonus
384 2347 487 2406 maris
500 2353 534 2406 et
550 2350 588 2408 ut
604 2363 704 2407 sonus
721 2365 884 2424 aquarum
909 2352 1039 2425 sonant,
1058 2366 1143 2427 quae
1161 2366 1240 2426 prae
1258 2351 1470 2411 multitudine
1492 2351 1660 2410 sonituum
1678 2339 1816 2407 mirabi-

266 2449 316 2509 les
334 2465 434 2508 sonos
451 2451 619 2524 emittunt,
639 2451 800 2512 hiantem
819 2452 868 2512 illi
886 2459 964 2513 sunt
980 2455 1048 2529 qui,
1067 2456 1145 2514 dum
1164 2455 1196 2514 in
1221 2457 1310 2514 terra
1325 2456 1489 2528 viverent,
1508 2471 1526 2512 a
1551 2451 1742 2512 carnalibus
1758 2448 1821 2508 de·-

266 2551 400 2612 sideriis
418 2569 493 2612 oum
511 2555 692 2614 intentione
709 2557 858 2616 cordium
877 2573 1014 2616 suorum
1028 2574 1064 2618 se
1080 2558 1267 2632 elevabant,
1286 2573 1325 2617 ac
1342 2564 1492 2618 terrenas
1509 2555 1708 2630 cupiditates
1724 2551 1817 2628 abje-

269 2656 398 2729 cerunt,
417 2658 510 2718 velut
527 2657 678 2719 homines
695 2676 761 2720 non
777 2664 899 2735 esseut,
918 2664 952 2720 et
968 2662 1014 2720 ita
1031 2663 1072 2722 ab
1090 2664 1164 2722 aliis
1185 2663 1316 2737 populis
1334 2661 1480 2737 separati
1506 2664 1593 2734 sunt,
1612 2658 1701 2716 sicut
1716 2669 1817 2728 ange-

270 2757 294 2816 li
311 2758 353 2817 ab
369 2758 569 2822 bominibus.
588 2763 655 2837 Ipsi
672 2765 759 2824 enim
777 2779 837 2838 per
854 2765 1024 2839 speculata
1041 2781 1142 2840 opera
1164 2766 1196 2824 in
1217 2765 1375 2825 coelestia
1399 2764 1569 2838 volabant,
1595 2778 1633 2822 ac
1650 2775 1710 2836 per
1727 2758 1817 2818 fenc-

267 2860 358 2918 atras
382 2861 469 2938 fidei,
495 2867 588 2926 velut
612 2868 645 2925 in
669 2867 817 2928 bonitate
842 2869 1070 2942 simplicitatis
1094 2868 1243 2942 infantis,
1268 2867 1371 2928 Deum
1397 2867 1628 2943 inspiciebant,
1654 2865 1688 2924 et
1703 2863 1736 2922 in
1762 2859 1816 2920 bis

264 2961 431 3026 stabiliter
447 2969 715 3041 perseverabant.

971 3178 1115 3242 XXXVI.

509 3391 650 3450 Animae
675 3396 863 3450 sanctorum
887 3391 1078 3451 desiderant
1105 3409 1240 3469 corpora
1264 3410 1325 3451 sua
1347 3389 1407 3450 sibi
1430 3390 1573 3448 restitui.

313 3591 365 3653 45.
392 3595 601 3670 Quapropter
617 3597 718 3657 etiam
736 3598 768 3657 in
785 3613 867 3657 voce
885 3597 1128 3658 desideriorum
1146 3615 1283 3658 suornm
1300 3598 1425 3671 dicunt,
1443 3595 1602 3673 quamdiu
1620 3597 1815 3671 exspectare

263 3695 407 3758 debeant
424 3704 554 3774 tempus
573 3701 665 3776 illud,
684 3717 750 3776 quo
767 3717 871 3776 opera
888 3703 1051 3776 ipsorum,
1067 3719 1153 3778 quae
1170 3704 1203 3761 in
1220 3704 1335 3777 aperta
1349 3699 1618 3760 manifestatione
1635 3713 1748 3758 coram
1765 3697 1817 3758 vi·

265 3802 364 3860 vente
376 3800 442 3862 Deo
458 3801 595 3877 fulgent,
614 3803 663 3863 eis
680 3820 822 3879 corpora
838 3821 898 3864 sua
916 3806 948 3864 in
965 3805 1086 3882 quibus
1105 3805 1341 3865 laboraverant
1356 3803 1381 3882 ²)
1400 3804 1590 3877 restituant,
1609 3804 1656 3863 ita
1671 3805 1708 3862 ut
1723 3801 1816 3861 abla-

267 3903 300 3964 ta
317 3905 407 3963 omni
431 3905 642 3981 difficultate,
660 3923 725 3984 qua
750 3909 878 3984 ltloyses
897 3909 1015 3970 faciem
1041 3925 1135 3970 suam
1154 3910 1290 3984 obtexit,
1315 3909 1419 3968 Deum
1442 3907 1587 3967 videant.
1604 3906 1686 3967 Nam
1710 3921 1814 3980 opera

236 4026 238 4030 ’
268 4010 470 4083 sanctorum,
497 4027 583 4087 quae
601 4011 665 4086 ipsi
689 4029 749 4088 per
771 4014 1024 4089 inspirationem
1050 4015 1193 4088 Spiritus
1218 4013 1329 4074 Sancti
1354 4015 1545 4088 operantur,
1564 4027 1676 4071 coram
1692 4009 1760 4071 Deo
1776 4012 1815 4070 ut

266 4109 396 4170 eoelum
422 4110 560 4188 fulgent,
579 4115 657 4190 quia
681 4132 756 4176 oum
774 4117 839 4176 Deo
857 4119 890 4178 et
907 4118 940 4176 in
956 4117 1022 4177 ileo
1042 4117 1234 4192 factasunt,
1252 4123 1285 4177 et
1303 4117 1351 4177 sic
1372 4116 1459 4175 Deus
1476 4115 1601 4176 eisdem
1626 4113 1813 4187 animabus

266 4221 404 4289 propter
428 4213 543 4278 eadem
563 4235 665 4295 opera
689 4221 902 4294 refrigerium
921 4222 1139 4296 requietionis
1163 4221 1231 4296 dat;
1250 4220 1307 4280 sed
1325 4219 1469 4281 nondum
1487 4220 1621 4296 plenum
1643 4219 1814 4294 gaudium,

266 4319 468 4394 usquedum
485 4322 654 4397 plenitudo
671 4325 786 4400 populi
802 4327 836 4384 in
853 4326 1036 4385 novissimo
1053 4326 1105 4385 die
1125 4326 1311 4385 intraverit.
1328 4324 1368 4385 Et
1385 4327 1465 4384 tunc
1480 4323 1569 4384 Deus
1594 4339 1669 4381 cum
1687 4321 1816 4380 sanetis

264 4421 423 4496 operibus
448 4427 639 4488 sanctorum
664 4443 805 4503 corpora
830 4433 864 4488 et
888 4429 1016 4488 animas
1040 4444 1156 4488 eorum
1181 4429 1370 4504 conjunget,
1396 4434 1429 4486 et
1446 4428 1494 4486 sic
1518 4425 1649 4484 coelum
1674 4437 1814 4498 operum

268 4541 384 4588 eorum
404 4527 493 4604 ipsos
511 4529 551 4588 ad
571 4530 689 4592 faciem
706 4531 764 4589 Dei
780 4531 951 4606 perducet,
968 4531 1025 4592 ubi
1043 4548 1117 4591 eum
1136 4535 1214 4593 tuno
1227 4532 1369 4606 pleniter
1384 4530 1554 4590 videbunt.
1569 4527 1632 4589 Sed
1649 4529 1727 4603 quia
1743 4543 1819 4588 cor·

263 4646 328 4706 pus
356 4647 431 4693 cum
456 4635 565 4694 anima
595 4637 680 4695 bona
703 4652 804 4711 opera
833 4634 928 4712 fecit,
958 4653 1033 4696 cum
1062 4637 1173 4696 anima
1206 4651 1346 4710 corpore
1369 4641 1478 4708 caret,
1507 4632 1750 4710 plenitudinem
1775 4633 1817 4692 il-

262 4732 330 4796 lam
354 4734 478 4798 babere
501 4754 566 4800 non
589 4743 710 4814 potest,
734 4742 772 4801 ut
795 4741 921 4816 absque
946 4756 1086 4815 corpore
1106 4739 1223 4800 faciem
1248 4739 1307 4798 Dei
1328 4739 1471 4813 pleniter
1494 4736 1618 4810 videat,
1635 4729 1660 4813 ³)
1686 4737 1720 4794 et
1737 4734 1812 4794 ideo

261 4853 339 4897 oum
356 4855 478 4916 corpus
494 4848 528 4902 et
543 4844 655 4904 anima
678 4843 933 4920 conjunguntur,
954 4844 1071 4904 faciem
1097 4859 1191 4904 suam
1209 4843 1296 4903 Deus
1312 4841 1467 4915 denudat,
1486 4843 1524 4902 ut
1539 4856 1617 4901 eum
1638 4839 1730 4899 beati
1746 4839 1815 4899 hoc

265 4942 364 5003 modo
387 4945 533 5022 videant,
560 4949 716 5024 quoniam
742 4948 799 5007 illa
824 4948 1001 5022 coniuncta
1019 4951 1095 5008 sunt
1112 4962 1198 5023 quae
1215 4947 1315 5006 simul
1339 4946 1572 5020 operabantur.
1598 4945 1665 5004 lste
1686 4943 1815 5003 clamor

267 5043 363 5107 fortis
380 5051 414 5108 et
431 5065 569 5124 magnus
587 5053 713 5110 olamor
730 5057 921 5111 sanctorum
940 5055 1001 5126 est,
1020 5052 1177 5128 quoniam
1197 5052 1253 5112 vix
1269 5055 1475 5126 exspectant,
1498 5049 1576 5108 dum
1594 5063 1737 5122 corpora
1754 5063 1817 5108 sua

302 5207 323 5274 ¹)
336 5209 437 5268 Recole
447 5229 518 5284 quae
528 5231 611 5286 supra
623 5221 758 5272 notantur
769 5216 819 5273 lib.
830 5217 852 5280 l,
866 5234 891 5289 p.
903 5221 944 5272 21.
959 5220 1018 5284 -ll
1033 5215 1271 5272 autoraverunt.
1285 5215 1345 5285 --³l
1356 5216 1465 5272 videant
1476 5213 1521 5271 W.
1535 5211 1610 5270 idem
1621 5228 1687 5269 mox
1699 5218 1730 5268 ut
1741 5229 1809 5269 eom.
