3992 6092
684 560 711 605 11
742 557 860 606 arasa
890 560 990 605 vrrn
1019 556 1248 604 urarroaru
1654 537 1694 596 73

182 679 362 741 admodum
384 679 545 756 mysterio
557 673 580 756 ¹)
600 680 664 740 isto
680 679 860 754 discerent,
878 678 966 755 quod
983 694 1019 737 se
1037 680 1128 754 ipsos
1145 693 1206 753 per
1223 676 1512 737 mortificationem
1531 678 1734 752 sanguineae

183 786 323 843 naturae
338 782 407 843 Deo
424 788 541 858 postea
559 782 799 856 sacrificarent,
817 781 1097 858 quemadmodum
1114 787 1148 840 et
1165 781 1228 858 ipsi
1248 795 1368 857 pecora
1385 779 1628 841 sacrificabant.
1649 781 1733 842 Cum

181 888 296 947 autem
322 887 558 947 immaculatus
583 885 776 946 otmundus
801 885 911 962 homo,
938 902 998 962 per
1015 885 1211 960 sanguinem
1228 886 1261 943 et
1281 889 1423 944 mortem
1441 900 1548 958 suam,
1568 900 1605 945 se
1625 886 1736 962 ipsum

180 987 248 1049 Deo
265 990 469 1050 sacrificium
492 990 626 1064 obtulit,
645 1005 761 1050 omnes
785 990 899 1066 populi
917 990 950 1048 in
976 989 1048 1066 ipso
1065 988 1215 1049 mundati
1232 990 1319 1048 sunt.
1345 988 1435 1049 Unde
1454 989 1486 1048 in
1508 987 1650 1050 scientia
1666 1006 1728 1051 sua

182 1091 335 1153 homines
360 1095 558 1172 intelligant,
576 1094 665 1171 quod
682 1111 747 1154 non
768 1093 974 1171 justificatur
990 1093 1089 1153 homo
1106 1109 1166 1169 per
1182 1108 1284 1168 opera
1301 1093 1446 1154 carnalis
1470 1093 1580 1170 Legis,
1598 1110 1675 1156 curn
1692 1097 1731 1156 il-

88 1258 94 1268 ,
181 1193 249 1253 lam
266 1194 447 1256 carnaliter
471 1195 661 1255 observant.
679 1194 821 1270 Sanguis
845 1195 984 1254 enimet
1004 1195 1089 1254 cinis
1113 1209 1272 1270 pecorum
1290 1209 1349 1253 eos
1373 1208 1434 1252 nec
1448 1193 1646 1270 justificare,
1671 1211 1733 1255 nec

181 1295 326 1357 liberare
349 1297 469 1373 potuit,
494 1297 553 1357 sed
579 1297 612 1357 in
628 1297 711 1358 Filio
727 1297 786 1358 Dei
808 1296 941 1372 justitia
963 1296 1131 1370 veritatis,
1148 1309 1235 1373 quae
1251 1296 1302 1355 ais
1318 1296 1407 1355 viam
1432 1295 1554 1356 salutis
1570 1296 1727 1357 ostendit.

181 1397 265 1460 Nam
280 1415 342 1475 per
357 1399 456 1460 tidem
471 1399 547 1461 Filii
562 1399 622 1461 Dei
640 1399 740 1461 iidem
752 1401 810 1476 qui
827 1398 970 1460 fideliter
986 1400 1019 1458 in
1035 1415 1112 1459 eum
1132 1397 1283 1468 credunt,
1302 1398 1501 1457 servierunt.
1519 1397 1731 1475 Quapropter

73 1575 86 1598 .
181 1502 298 1563 fideles
315 1503 349 1563 in
365 1505 475 1580 ipsum
499 1502 643 1564 fideliter
658 1502 806 1577 credant,
832 1503 891 1579 qui
906 1503 961 1562 via
977 1503 1011 1562 et
1026 1503 1153 1562 veritas
1169 1507 1222 1561 est
1237 1499 1275 1580 ²),
1301 1500 1458 1561 videlicet
1475 1501 1509 1560 in
1525 1500 1589 1562 ilde
1605 1504 1672 1578 via,
1698 1503 1732 1563 in

181 1605 382 1668 credulitate
398 1607 536 1682 veritas;
550 1612 588 1668 ut
604 1607 653 1667 sic
663 1605 891 1683 justificentur
906 1621 968 1682 per
979 1605 1090 1666 fidelia
1107 1621 1219 1682 opera,
1233 1620 1319 1682 quae
1332 1607 1468 1690 propter
1481 1621 1629 1668 amorem
1646 1607 1735 1684 ejus·

178 1711 255 1770 dem
271 1711 348 1770 Filii
362 1709 423 1770 Dei
439 1715 630 1788 operentur,
648 1714 681 1770 at
697 1727 763 1770 non
779 1713 917 1787 propter
939 1725 1053 1787 opera,
1072 1725 1158 1786 quae
1175 1711 1226 1770 eis
1242 1709 1276 1770 in
1301 1709 1523 1770 amaritudine
1539 1710 1731 1772 nolentibus
1784 1789 1788 1798 1

180 1817 421 1893 proponuntur.
445 1816 528 1876 Nam
552 1815 638 1875 bona
654 1829 757 1892 opera
782 1815 815 1875 in
830 1815 1052 1875 declinatione
1076 1817 1285 1875 mortuorum
1307 1829 1446 1890 operum
1470 1815 1650 1877 coelestem
1669 1831 1727 1893 pa-

178 1921 277 1980 triam
294 1919 485 1992 ostendunt,
510 1934 587 1979 cum
603 1920 704 1979 etiam
722 1917 877 1980 Christus
893 1934 954 1995 per
976 1918 1216 1993 poenitentiam
1232 1917 1375 1994 populos
1399 1919 1504 1994 ungit,
1523 1921 1647 1980 etcum
1665 1935 1724 1979 eos

177 2022 473 2100 persemetipsum
490 2024 609 2083 salvat.
626 2023 702 2098 Ipse
718 2022 808 2082 enim
825 2021 985 2082 mundum
1000 2027 1034 2081 et
1050 2022 1241 2097 saginatum
1258 2021 1460 2082 sacrificium
1478 2024 1541 2098 est,
1559 2021 1649 2100 quod
1665 2037 1726 2099 pro
1744 2037 1747 2044 ⁴

181 2126 374 2187 hominibus
399 2126 433 2185 in
447 2137 485 2186 se
508 2125 723 2185 credentibus
746 2124 900 2198 dabatur;
918 2125 998 2201 quia
1023 2129 1120 2184 vetus
1136 2123 1201 2184 Lex
1225 2123 1393 2208 hominem
1416 2139 1477 2183 nec
1493 2125 1533 2185 ad
1560 2125 1726 2201 integrum

175 2232 387 2306 justificavit,
404 2247 465 2290 nec
482 2231 649 2306 liberavit,
668 2231 726 2291 sed
742 2233 833 2293 viam
850 2231 1008 2304 ostendit,
1027 2231 1183 2306 quoniam
1203 2229 1274 2305 ipsa
1291 2231 1389 2306 quasi
1406 2245 1469 2289 vox
1486 2238 1562 2290 ante
1580 2230 1724 2290 Verbum

183 2335 257 2408 fuit,
277 2336 335 2395 sed
354 2335 498 2395 Verbum
516 2335 622 2395 Filius
637 2334 696 2394 Dei
713 2341 776 2405 est,
796 2336 852 2410 qui
870 2350 989 2394 novam
1008 2333 1129 2409 Legem
1147 2334 1180 2392 in
1196 2334 1339 2393 veritate
1355 2333 1457 2394 dedit.

903 2543 1009 2602 XXVI.

681 2752 903 2812 Rationalitas
927 2751 1086 2810 discernit
1111 2753 1231 2809 omnia.

222 2964 278 3023 35.
303 2961 398 3033 Quod
415 2961 527 3020 aulem
545 2961 577 3019 in
595 2959 704 3019 madio
728 2959 995 3035 uniuscuiusque
1011 2959 1085 3018 alae
1110 2957 1195 3018 liber
1211 2972 1298 3017 unus
1320 2962 1470 3032 apparet,
1489 2957 1551 3018 boc
1575 2961 1733 3036 estquod

182 3068 270 3126 intra
288 3069 488 3142 potestatem
513 3062 646 3123 divinae
662 3063 881 3138 protectionis
906 3062 1118 3122 rationalitas
1133 3061 1198 3135 est,
1224 3072 1311 3136 quae
1328 3060 1511 3122 secundum
1536 3061 1641 3122 Deum
1657 3077 1734 3139 pro-

180 3169 284 3242 ducit,
310 3165 459 3244 disponit
474 3167 508 3226 et
531 3165 692 3226 discernit
707 3165 818 3225 omnia
843 3181 928 3241 quae
945 3182 963 3224 a
980 3164 1047 3224 Deo
1064 3164 1142 3224 data
1167 3163 1257 3238 sunt,
1275 3165 1353 3239 quia
1378 3163 1458 3225 nihil
1484 3171 1536 3225 est
1553 3165 1641 3243 quod
1658 3167 1733 3242 ipsa

179 3271 350 3332 subtiliter
366 3285 431 3329 non
447 3273 598 3345 penetret
614 3275 647 3327 et
664 3268 833 3329 discutiat.

887 3475 1009 3538 XXVII.

573 3688 739 3746 Sanctitas
768 3689 805 3744 in
832 3687 957 3746 Christo
982 3687 1101 3762 fatara
1129 3684 1330 3746 declaratur.

221 3897 276 3957 36.
301 3896 340 3956 Et
356 3896 441 3957 liber
458 3896 516 3972 qui
535 3895 566 3954 in
583 3896 721 3954 sinistra
738 3895 791 3954 ala
809 3897 872 3969 est,
890 3893 975 3954 duas
993 3895 1133 3970 paginas
1150 3892 1262 3968 babet,
1281 3893 1439 3970 quoniam
1452 3894 1568 3954 eadem
1586 3897 1730 3956 rationa-

178 3999 270 4072 litas,
289 3999 322 4058 in
338 3999 444 4058 veteri
458 3999 542 4074 Lege
554 4013 614 4075 per
628 3997 776 4058 divinam
792 3995 1021 4056 defensionem
1038 3997 1167 4072 vigeas,
1185 3995 1270 4056 duas
1284 3996 1495 4056 ostensiones
1513 3999 1725 4059 rectitudinis

175 4102 326 4177 protulit,
353 4117 495 4178 quarum
519 4101 624 4161 altera
648 4099 778 4173 viridis,
797 4100 903 4160 altera
927 4098 1077 4174 argentei
1093 4099 1216 4159 coloris
1240 4100 1303 4174 est,
1322 4099 1401 4176 quia
1425 4100 1544 4161 viridis
1569 4101 1725 4163 viriditas

173 4205 306 4279 justitia
329 4205 363 4264 in
386 4203 528 4263 materia
553 4203 664 4279 operis
688 4202 746 4262 Dei
770 4207 834 4277 est,
860 4219 959 4280 quam
985 4203 1058 4278 ipse
1080 4200 1170 4261 Deus
1194 4201 1362 4278 produxit
1389 4205 1548 4280 quoniam
1573 4211 1610 4265 ut
1634 4211 1726 4267 terra

175 4323 307 4366 omnem
332 4306 535 4366 viriditatem
560 4304 699 4382 profert,
717 4306 767 4364 sic
791 4311 889 4366 vetus
913 4305 1162 4365 Testamentum
1187 4319 1285 4365 omne
1309 4319 1448 4381 german
1471 4313 1506 4366 et
1523 4322 1652 4369 ornnem
1671 4308 1728 4369 flo-

178 4425 248 4470 rem
267 4408 399 4470 futurae
422 4410 602 4486 aequitatis
627 4409 880 4469 demonstravit.
898 4409 938 4468 ut
962 4409 1025 4467 hoc
1042 4409 1142 4468 etiam
1160 4409 1193 4467 in
1211 4413 1369 4484 argenteo
1391 4407 1606 4472 fundamento
1622 4427 1726 4489 purae

176 4513 349 4585 scientiae,
374 4513 463 4588 quod
487 4527 605 4589 puram
631 4513 844 4572 sanctitatem
871 4512 904 4571 in
927 4511 1062 4572 Christo
1089 4509 1235 4571 suturam
1254 4510 1450 4584 declaravit,
1477 4513 1724 4574 manifestatur.

176 4617 268 4677 Unde
285 4614 346 4676 boc
369 4615 457 4677 idem
475 4618 508 4676 in
533 4617 595 4676 hac
610 4616 710 4676 viridi
734 4617 856 4692 pagina
872 4615 1036 4692 scriptum
1061 4614 1166 4688 videa,
1185 4615 1264 4690 quia
1282 4614 1407 4675 llorens
1430 4618 1578 4677 ostensio
1594 4616 1727 4676 divinae

174 4718 374 4782 eruditionis
398 4719 617 4794 demonstrat,
644 4719 731 4796 quod
747 4720 815 4779 Noe
840 4735 899 4795 por
915 4733 1027 4778 arcam
1047 4718 1094 4777 illi
1120 4717 1279 4792 obedivit,
1300 4719 1357 4794 qni
1382 4733 1443 4778 nec
1460 4719 1591 4779 initium
1613 4735 1673 4779 nec
1691 4717 1727 4779 li-

174 4839 251 4884 nem
275 4823 413 4898 habens,
439 4826 542 4885 etiam
567 4824 601 4884 in
617 4839 706 4900 aqua
729 4829 924 4899 pereuntem
949 4821 1120 4882 bominem
1147 4824 1362 4896 restauravit,
1388 4837 1486 4898 quem
1512 4822 1726 4899 postmodum

174 4942 308 5005 qnoque
324 4920 348 5004 ¹)
367 4927 543 4988 constituit
559 4943 620 5004 per
636 4926 838 5004 baptismum
857 4926 1020 4986 advitam
1037 4924 1225 4986 reformari.
1244 4923 1305 4984 Sed
1323 4931 1356 4984 et
1374 4923 1436 4984 boc
1455 4923 1540 4984 idem
1559 4926 1590 4986 in
1609 4941 1726 5002 argen-

177 5037 230 5092 tea
246 5033 367 5108 pagina
384 5034 545 5108 scriptum
564 5037 628 5106 est,
648 5033 806 5107 quoniam
824 5031 857 5090 in
874 5030 1020 5106 puritate
1043 5029 1204 5089 scientiae
1221 5042 1321 5088 verae
1345 5028 1641 5092 demonstrationis
1657 5046 1725 5091 ma·

214 5199 235 5264 ¹)
250 5203 399 5256 ministerio
412 5199 458 5256 W.
474 5231 507 5240 -
520 5202 542 5266 ²)
555 5199 635 5256 loun.
652 5199 689 5262 X.
708 5205 731 5256 l.
748 5231 779 5240 -
793 5197 815 5264 ³)
829 5197 1051 5272 quenadmodum
1063 5211 1172 5268 quaque
1183 5195 1229 5250 W.
1617 5281 1636 5318 ᾔ
