3998 6100
715 546 839 593 creua
868 544 972 592 vrrs
1001 543 1240 592 uenirencu
1626 525 1627 528 ’
1674 525 1716 588 le

198 661 359 742 adjutorii
383 661 563 738 abstrahit,
587 668 622 722 et
645 645 719 725 eam
745 663 778 722 in
801 660 1032 722 confusionem
1056 661 1149 721 velut
1165 659 1371 726 Pharaonem
1397 657 1527 732 mergit.
1545 649 1568 736 ¹)
1587 655 1677 719 Haec
1694 675 1751 718 au-

198 774 268 830 tern
284 769 324 829 de
348 767 591 845 poenitentium
615 766 791 838 animabus
808 765 992 842 purgandis
1016 771 1050 826 et
1066 763 1239 824 salvandis
1255 763 1345 824 dicta
1363 766 1452 835 sunt,
1471 767 1505 822 et
1525 761 1637 822 fidelia
1656 767 1747 837 sunt;

197 879 234 934 at
250 873 357 934 fidelis
374 871 427 932 his
446 869 608 946 attendat,
626 876 660 931 et
676 885 717 930 ea
734 870 768 932 in
784 870 981 944 memoriam
998 869 1104 932 bonae
1123 867 1284 928 scientiae
1301 870 1489 942 componat.

244 976 321 1037 llo.
334 977 375 1036 Et
390 991 469 1034 ecce
487 963 679 1052 praedictae
697 973 923 1034 multitudinis
939 974 1025 1034 alios
1048 973 1188 1051 spiritus
1206 971 1287 1044 vidi,
1305 970 1363 1047 qui
1381 969 1469 1045 quod
1486 968 1618 1033 Lucifer
1633 985 1750 1040 eorum

201 1079 363 1142 Dominus
385 1084 490 1153 esset,
508 1077 792 1153 vociferabantur3
810 1083 845 1137 et
863 1077 912 1136 illi
930 1077 1083 1138 homines
1101 1075 1142 1136 ad
1168 1075 1337 1151 ignaviam
1360 1073 1558 1150 perducunt,
1576 1079 1610 1137 et
1634 1079 1671 1136 ut
1687 1089 1749 1141 nec

198 1182 354 1272 timorem
373 1182 452 1262 Deo,
470 1197 532 1241 uec
548 1197 665 1242 curam
681 1181 874 1242 hominibus
889 1181 1080 1256 exhibeant,
1099 1179 1318 1240 exhortantur
1332 1173 1371 1256 ²).

869 1388 1077 1450 LXXXXHII.

805 1599 920 1659 Poeno
941 1598 1146 1675 tpnavcrum

242 1805 318 1869 lll.
342 1806 382 1867 Et
397 1805 554 1867 nebulam
576 1805 710 1882 nigram
725 1808 759 1863 et
784 1804 947 1864 maximos
972 1808 1091 1864 ventos
1115 1807 1150 1862 et
1166 1800 1331 1864 tumultus
1354 1801 1542 1864 tonantium
1565 1807 1747 1881 tempesta-

195 1907 270 1972 tum
284 1925 324 1971 ao
339 1909 505 1987 pluviales
522 1913 742 1985 tempestates
758 1907 839 1982 vidi,
858 1908 992 1984 inques
1016 1909 1119 1968 otiam
1134 1905 1298 1984 praedicti
1315 1905 1453 1981 maligni
1477 1907 1618 1982 spiritus
1636 1907 1746 1984 ignem

194 2015 288 2075 velut
304 2013 469 2091 pluviales
492 2018 608 2088 guttas
624 2012 849 2090 projecerunt.
867 2012 1005 2072 Animae
1029 2017 1142 2072 autem
1158 2025 1245 2087 quae
1266 2009 1300 2074 in
1319 2009 1454 2071 saeculo
1480 2010 1648 2085 ignaviam
1664 2010 1747 2074 dile-

194 2124 324 2192 xerant,
343 2119 389 2178 ita
413 2117 502 2194 quod
518 2116 586 2178 Deo
610 2123 747 2178 strenue
768 2133 834 2177 non
857 2115 1057 2190 servierant,
1075 2114 1118 2176 ab
1134 2113 1188 2174 his
1213 2113 1472 2190 tempestatibus
1495 2114 1745 2190 quatiebantur,

193 2231 232 2283 et
247 2225 290 2285 ab
313 2225 389 2300 igne
413 2225 471 2284 illo
495 2239 596 2300 quem
620 2221 722 2284 iidem
746 2221 884 2298 maligni
908 2221 1049 2298 spiritus
1075 2221 1108 2280 in
1128 2219 1265 2280 easdem
1282 2223 1501 2293 tempestates
1517 2218 1742 2296 projecerunt,

195 2327 389 2388 urebantur.
414 2326 499 2398 Quia
514 2328 604 2387 enim
628 2327 662 2386 in
678 2325 800 2386 timore
823 2324 955 2386 Domini
973 2324 1007 2384 in
1023 2323 1159 2384 saeculo
1175 2321 1356 2383 exterritae
1372 2337 1438 2383 non
1455 2319 1601 2397 luerunt,
1622 2327 1747 2400 tempe·

195 2436 304 2491 states
321 2433 406 2492 istas
423 2431 646 2505 sustinebant;
665 2435 699 2490 et
714 2429 873 2506 quoniam
890 2428 1151 2488 admonitionem
1165 2425 1319 2503 justitiae
1336 2424 1502 2502 ignaviter
1517 2426 1744 2503 neglexerant,

193 2533 332 2594 eosdem
349 2535 443 2611 ignes
460 2533 659 2596 sentiebant.
676 2533 718 2594 Et
732 2533 814 2609 vidi,
831 2539 865 2594 et
884 2532 1032 2592 intellexi
1048 2531 1142 2592 baec.

881 2739 1054 2801 Lxxxxv.

750 2947 965 3008 Paenitentia
988 2947 1190 3024 mosomum.

239 3150 314 3214 tlt.
338 3151 379 3214 Et
402 3168 520 3216 vocem
547 3153 589 3213 de
611 3151 765 3230 praelata
791 3152 926 3212 vivente
951 3152 1024 3212 luce
1052 3152 1175 3212 iterum
1199 3148 1282 3210 mihi
1305 3148 1472 3209 dicentem
1500 3148 1624 3208 audivi:
1653 3147 1744 3219 Haec

190 3271 281 3334 quae
303 3257 411 3333 vides,
428 3272 508 3318 vera
525 3261 614 3332 sunt,
631 3262 666 3316 et
689 3261 726 3316 ut
741 3271 781 3316 ea
797 3256 904 3331 vides,
922 3256 970 3316 ita
995 3261 1083 3316 sunt.
1101 3254 1261 3317 Homines
1279 3259 1390 3317 autem
1408 3253 1466 3330 qui
1484 3253 1652 3328 ignaviam
1669 3252 1745 3314 dili-

191 3364 288 3436 gunt,
312 3375 375 3420 nec
389 3357 457 3420 Deo
481 3365 629 3436 strenue,
646 3375 708 3422 nec
732 3359 875 3419 fideliter
891 3359 1055 3434 serviunt,
1081 3359 1111 3420 si
1128 3358 1171 3420 ab
1186 3357 1240 3418 his
1257 3357 1435 3434 spiritibus
1458 3356 1606 3418 derideri
1629 3357 1744 3418 nolue-

193 3465 275 3540 rint,
292 3469 327 3524 et
351 3463 381 3524 si
397 3463 451 3525 his
475 3463 692 3542 passionibus
716 3463 848 3524 absolvi
863 3463 1043 3538 voluerint,
1069 3462 1254 3524 secundum
1277 3459 1475 3539 qualitatem
1498 3461 1672 3538 neglectus
1690 3459 1743 3522 sui

190 3567 306 3628 cilicio
323 3583 360 3628 se
383 3568 561 3645 castigent,
579 3573 613 3628 et
629 3567 771 3644 flagellis
788 3583 826 3628 se
842 3567 992 3644 puniant,
1015 3566 1153 3643 ieiuniis
1170 3566 1272 3630 etiam
1288 3580 1326 3626 se
1342 3563 1505 3640 affligant,
1528 3569 1562 3624 et
1578 3578 1744 3644 pauperes

193 3676 347 3747 pascant,
366 3676 401 3732 et
417 3671 480 3734 bec
496 3677 676 3750 praecepto
693 3671 845 3734 ductoris
862 3671 916 3732 sui
932 3672 1132 3748 compleant.

872 3878 1062 3944 LXXXXVI.

654 4090 791 4169 Ipnacic
813 4092 850 4152 in
867 4091 985 4151 timore
1010 4087 1071 4151 Dei
1095 4105 1162 4150 acc
1187 4087 1285 4148 lucet.

241 4294 317 4358 lle.
343 4295 479 4372 ignavia
502 4297 591 4358 enim
615 4297 649 4365 in
664 4298 785 4359 timore
809 4297 868 4358 Dei
892 4313 959 4360 non
981 4298 1083 4373 lucet,
1100 4309 1162 4358 nec
1186 4295 1219 4358 in
1244 4295 1319 4372 igne
1343 4290 1581 4354 sollicitudinis
1604 4290 1743 4354 honoris

192 4399 303 4478 ipsius
328 4401 433 4462 ardet.
450 4401 533 4462 Nam
556 4403 651 4463 vitiis
666 4403 812 4464 viventis
837 4403 1008 4478 scientiae,
1029 4400 1087 4479 qui
1110 4401 1318 4478 spiraculum
1334 4399 1424 4460 vitae
1441 4397 1475 4460 in
1498 4399 1610 4460 anima
1626 4404 1690 4476 est,
1710 4399 1744 4460 in

192 4504 463 4567 remuneratione
485 4507 626 4583 gratiae,
650 4507 868 4583 obscuratur,
894 4523 971 4568 cum
995 4507 1103 4584 ipsam
1128 4507 1161 4567 in
1184 4505 1281 4566 bonis
1305 4504 1464 4582 operibus
1488 4519 1651 4582 quaerere
1674 4515 1753 4566 non¹

190 4615 276 4674 vult.
293 4609 333 4674 m
349 4629 426 4674 cum
443 4613 553 4690 iidem,
570 4629 672 4692 quam
689 4615 931 4676 sicut'dorsum
950 4613 1036 4675 forte
1051 4606 1076 4692 3)
1094 4612 1218 4673 hahere
1235 4612 1383 4698 deberet,
1405 4609 1439 4669 in
1455 4624 1522 4686 qua
1539 4624 1617 4686 spes
1637 4611 1745 4668 aeter-

189 4733 256 4780 nae
279 4717 369 4780 vitae
385 4724 449 4792 est,
477 4719 509 4778 in
526 4733 646 4796 magna
671 4719 866 4778 infelicitate
883 4717 1034 4794 negligit3
1060 4717 1217 4792 quoniam
1244 4721 1413 4776 tonantem
1438 4713 1554 4773 tubam
1579 4711 1744 4772 bonorum

190 4837 333 4898 operum
355 4837 421 4883 non
439 4822 566 4899 implet,
591 4838 668 4882 cum
692 4828 804 4883 erecta
829 4823 1006 4882 devotione
1026 4821 1067 4880 ad
1091 4817 1195 4880 Deum
1212 4836 1277 4880 non
1293 4817 1438 4879 anhelat.
1459 4817 1549 4876 Haec
1573 4820 1685 4874 autem
1702 4814 1743 4874 de

189 4925 434 5003 poenitentium
450 4927 626 4988 animabus
643 4926 826 5003 purgandis
843 4932 876 4986 et
893 4925 1064 4986 salvandis
1081 4924 1171 4984 dicta
1189 4927 1278 4997 sunt,
1297 4928 1331 4996 et
1348 4921 1458 4983 fidelia
1476 4925 1565 4994 sunt;
1585 4922 1619 4978 ct
1636 4918 1743 4978 fidelis

188 5027 246 5088 his
263 5028 424 5105 attendat,
441 5037 475 5090 et
491 5047 531 5090 ea
550 5030 582 5091 in
600 5031 795 5091 memoriam
812 5031 918 5091 bonae
935 5029 1097 5090 scientiae
1114 5033 1301 5104 componat.
1317 5060 1322 5070 ·

229 5180 251 5248 'l
264 5183 393 5254 demergit
405 5179 439 5238 Α.
454 5211 489 5222 -
500 5183 523 5250 ²)
536 5184 684 5240 hortamur
695 5183 729 5240 Α.
746 5215 779 5225 -
791 5183 814 5252 8)
826 5185 923 5256 sortem
936 5182 971 5244 l,
985 5182 1031 5238 W.

292 5291 467 5352 Auxnecr.
493 5291 528 5352 T.
554 5291 634 5352 Vlll.
661 5291 681 5352 l
799 5375 801 5380 Ι
