3998 6100
874 578 1122 634 PBooantlun
1657 578 1720 626 xtu

222 710 434 804 Coloniensi,
463 709 623 783 inducias
648 709 810 800 obtinuit,
843 721 882 783 ut
907 711 1041 806 legatos
1066 713 1221 784 mitteret
1250 711 1295 782 ad
1321 711 1572 805 Christianum,
1603 711 1664 806 qni
1692 733 1770 782 111-

224 837 279 908 bis
313 836 487 930 blanduS,
521 838 579 909 sed
609 837 709 933 virga
741 862 857 934 asper,
894 841 1119 911 interdictum
1153 839 1392 912 confirmavit:
1429 846 1466 910 at
1495 862 1579 911 mox
1608 846 1771 911 currente

223 991 329 1056 anno,
358 968 447 1040 idern
476 967 592 1063 potius
618 965 717 1037 miles
742 989 849 1060 quarn
875 967 1031 1056 antistes,
1059 974 1136 1063 post
1162 966 1271 1038 vitam
1294 966 1331 1038 in
1354 967 1457 1038 rebus
1473 964 1607 1039 bellicis
1623 965 1770 1061 dissipa·

223 1100 313 1182 tam,
347 1117 426 1165 curn
452 1093 552 1164 clade
584 1116 725 1164 suorum
752 1100 886 1190 captus,
914 1116 1045 1190 perque
1070 1094 1250 1165 biennium
1276 1093 1484 1166 constrictus
1516 1089 1703 1188 ergastulo,
1732 1089 1768 1160 in

225 1221 349 1292 castris
374 1221 548 1293 occubuit.
576 1221 652 1306 Quo
678 1219 817 1292 demum
844 1220 917 1292 fato
944 1246 1015 1318 pax
1041 1230 1093 1293 est
1119 1219 1292 1316 Binguiae
1317 1219 1480 1291 restituta
1507 1217 1568 1310 (cf.
1595 1241 1669 1309 epp.
1695 1217 1769 1288 cdd.

231 1351 314 1438 VII,
340 1350 446 1440 VIII,
466 1351 553 1442 IX).

274 1475 341 1548 Sed
360 1477 441 1548 durn
460 1476 545 1549 foris
570 1476 674 1568 bella,
702 1477 798 1550 intus
823 1476 958 1550 funera.
978 1475 1155 1550 Gerundis
1180 1475 1283 1548 rebus
1307 1472 1509 1548 monasterii
1536 1471 1669 1546 dudum
1686 1471 1769 1545 ade·

225 1615 307 1674 rant
324 1603 394 1674 duo
411 1604 546 1676 strenui
563 1604 737 1697 monachi,
756 1628 905 1699 qnorum
924 1627 1014 1676 unus
1035 1603 1144 1676 frater
1162 1626 1350 1699 germanus
1365 1600 1604 1696 Hildegardis,
1621 1607 1770 1696 uterque

225 1757 296 1805 una
313 1757 392 1805 cum
409 1731 593 1805 Wolmaro
611 1733 655 1805 ad
674 1733 792 1805 omnia
805 1741 987 1830 promptus
1005 1741 1039 1807 et
1055 1731 1281 1805 necessarius.
1299 1729 1399 1802 Infra
1417 1729 1504 1802 duos
1520 1754 1655 1803 menses
1670 1727 1770 1802 Wol-

225 1884 344 1932 marus
360 1862 485 1933 ultima
505 1862 637 1957 primus
653 1860 768 1956 solvit,
786 1886 888 1958 quem
907 1863 1010 1936 ambo
1028 1863 1101 1959 ejus
1118 1861 1212 1942 socii,
1240 1860 1335 1932 lebre
1357 1860 1518 1956 correpti,
1546 1883 1629 1932 mox
1645 1859 1689 1932 ad
1708 1884 1771 1956 ps·

225 1999 297 2062 tres
314 1993 421 2063 secuti
441 1999 522 2063 sunt
540 1991 591 2087 (p.
612 1993 692 2084 577,
715 1993 810 2076 578).

277 2116 499 2213 Insperaturn
517 2118 659 2189 tandem
684 2117 849 2190 solatium
876 2117 995 2190 attulit
1021 2117 1214 2190 Guibertus
1239 2115 1514 2208 Gemblacensis,
1540 2138 1644 2209 quem
1666 2114 1770 2211 jura-

226 2255 281 2316 ret
296 2244 366 2316 huc
384 2244 557 2317 adducere
575 2255 609 2316 et
626 2243 747 2316 audire
763 2267 845 2316 suas
861 2243 1066 2316 recitantem
1094 2243 1242 2335 litteras,
1269 2266 1353 2315 sane
1379 2243 1542 2338 loquaces
1567 2252 1602 2316 et
1626 2245 1771 2317 flandri-

226 2376 277 2448 cis
295 2374 461 2472 ampullis
478 2375 647 2470 turgidas,
665 2373 723 2446 sed
742 2372 858 2470 lepido
876 2397 1041 2447 amoenas
1054 2373 1214 2466 candore,
1233 2396 1334 2468 quae,
1353 2381 1392 2444 ut
1409 2371 1543 2467 opinor,
1562 2369 1710 2444 feliciter
1728 2394 1773 2443 ex

226 2504 381 2577 tenebris
398 2511 579 2576 eruuntur.

260 2630 422 2703 -Curioso
440 2630 557 2702 alacer
574 2630 725 2726 ingenio,
745 2631 858 2704 avidis
876 2632 1019 2705 auribus
1035 2631 1201 2704 hauserat
1225 2651 1363 2725 sparsos
1388 2626 1431 2699 de
1456 2625 1676 2722 prophetissa
1701 2633 1773 2698 stu·

226 2756 359 2854 pendas
377 2780 542 2830 rumores.
560 2757 656 2830 Scire
672 2759 843 2854 gestiebat
865 2784 956 2854 quas
977 2760 1027 2831 illi
1055 2758 1196 2831 ridendi
1224 2757 1354 2843 modus,
1381 2779 1472 2850 quae
1499 2753 1589 2826 ratio
1615 2759 1770 2826 contem·

226 2889 361 2985 plaudi,
392 2913 484 2983 quae
513 2891 726 2963 consuetudo
756 2892 914 2987 vivendi,
945 2894 1024 2988 quis
1053 2917 1175 2982 sermo,
1203 2893 1335 2987 lingua,
1367 2875 1552 2988 scriptura.
1583 2888 1775 2985 Propterea

227 3025 303 3089 turn
338 3017 490 3112 primum
521 3017 623 3112 plura
649 3019 818 3091 sciscitari
836 3044 904 3091 non
932 3021 1116 3114 dubitavit,
1145 3021 1239 3093 circa
1265 3045 1296 3091 a.
1327 3020 1438 3110 1177,
1473 3043 1535 3115 per
1560 3016 1697 3089 litteras
1723 3013 1773 3108 (p.

228 3147 325 3237 328),
344 3146 471 3240 quibus
488 3169 692 3244 responsum
710 3173 804 3222 nunc
822 3150 971 3246 primurn
990 3150 1060 3222 luci
1078 3150 1183 3222 datur
1210 3157 1259 3246 (p.
1279 3151 1376 3245 331):
1403 3173 1474 3244 quo
1499 3145 1589 3220 nihil
1604 3146 1775 3219 hactenns

226 3271 295 3344 fuit
312 3273 524 3348 luculentius
541 3277 586 3349 ad
605 3277 876 3374 introspicienda
893 3279 1133 3376 prophetissae
1150 3303 1280 3352 arcana
1298 3276 1504 3374 penetralia.

279 3400 354 3472 Nec
371 3410 489 3476 tamen
506 3404 678 3479 Guiberto
696 3407 791 3490 satis:
811 3407 894 3502 quid
914 3416 1051 3503 saperet
1068 3407 1217 3504 mystica
1233 3406 1404 3499 columba,
1423 3415 1458 3479 et
1474 3428 1655 3501 quousque
1668 3405 1774 3477 etiam

229 3529 370 3601 sublimi
399 3531 434 3601 in
460 3531 631 3604 altissima
656 3532 820 3628 dogmata
836 3534 957 3606 volatu
977 3534 1188 3626 ascenderet,
1211 3543 1347 3608 tentare
1365 3558 1469 3607 ausus
1486 3543 1547 3624 est,
1578 3533 1774 3631 proposuit·

229 3680 298 3751 que
331 3657 516 3731 solvendas
548 3659 759 3733 XXXVIII
792 3663 1031 3756 quaestiones,
1062 3686 1154 3758 quae
1181 3661 1436 3758 praecaeteris
1470 3661 1601 3732 arduae
1630 3659 1698 3756 ipsi
1723 3659 1776 3731 11-

229 3791 403 3864 debantur
421 3791 472 3889 (p.
487 3795 568 3882 380,
585 3795 744 3865 suo-392
761 3792 813 3880 ΟΥ.
828 3795 955 3866 Potrol.
967 3792 1031 3866 col.
1050 3795 1182 3888 losa).
1197 3792 1294 3865 Idem
1309 3789 1425 3882 semel,
1441 3790 1636 3883 iterumque
1649 3787 1777 3860 institit

229 3941 293 4013 per
321 3918 437 3990 varias
455 3919 600 4010 litteras,
617 3943 708 4014 quae
724 3943 843 3993 omnes
860 3944 931 3992 non
947 3928 1145 4017 supersunt,
1172 3919 1232 3991 sed
1257 3919 1295 3991 in
1312 3918 1424 3990 altera
1441 3922 1603 3989 exstante
1620 3914 1670 4012 (p.
1690 3917 1778 4012 378)

230 4050 332 4136 urget
349 4043 557 4116 solutionem
574 4044 828 4140 quaestionum,
856 4053 892 4117 et
908 4045 1055 4140 inquirit
1082 4067 1201 4116 rursus
1223 4043 1266 4116 de
1292 4042 1495 4134 visionibus,
1522 4041 1565 4113 de
1591 4040 1778 4115 111111811-

229 4178 312 4268 aas,
331 4175 537 4248 (1111111111
565 4175 714 4270 scriptis,
733 4174 837 4271 plura
853 4174 1074 4247 committens
1097 4172 1284 4261 latoribus,
1304 4171 1410 4244 etiam
1426 4170 1540 4242 bonae
1555 4165 1707 4239 feminae
1723 4163 1780 4235 111

230 4307 341 4379 nobili
356 4305 475 4401 equiti,
493 4330 553 4379 ore
570 4314 708 4406 tantum
726 4307 770 4378 ed
789 4331 827 4379 os
844 4306 1038 4379 referenda.

278 4436 366 4506 Ourn
396 4458 456 4529 pro
481 4435 585 4506 solita
610 4434 782 4508 facilitate
807 4433 1038 4530 Hildegardis
1064 4435 1314 4530 respondisset,
1345 4432 1443 4529 quali
1469 4455 1549 4504 cum
1579 4427 1779 4502 reverentia

232 4561 397 4634 exultans
414 4559 617 4652 Gnibertus,
639 4567 675 4633 et
691 4585 763 4633 una
782 4585 860 4634 cum
879 4585 919 4634 eo
937 4562 1120 4656 religiosus
1137 4570 1265 4653 coetus,
1285 4568 1319 4632 et
1335 4567 1411 4632 tota
1428 4559 1551 4631 domus
1568 4555 1696 4628 nobilis
1713 4554 1781 4626 1111

231 4689 345 4784 Sigeri
371 4688 414 4760 de
441 4687 575 4777 Vaura,
602 4697 777 4785 receptam
807 4689 992 4786 epistolam
1014 4689 1152 4784 audire,
1179 4689 1365 4788 suspicere,
1396 4686 1547 4760 osculari
1575 4684 1779 4780 sategerint,

231 4814 496 4888 Gemblacensis
515 4814 707 4887 monachus
722 4815 816 4887 haud
836 4815 910 4887 sine
928 4816 1046 4912 lepore
1063 4823 1097 4889 et
1114 4815 1292 4910 elegantia
1305 4815 1380 4887 fuse
1393 4813 1513 4885 retulit
1527 4811 1577 4909 (p.
1594 4811 1781 4904 381-388).

281 4943 340 5015 nb
365 4941 441 5037 ipso
467 4941 613 5014 fortasse
632 4942 822 5038 provocati,
842 4943 1090 5016 Cisteroienses
1113 4943 1220 5014 vicini
1241 4940 1471 5014 Villarienses
1493 4939 1640 5012 alteram
1658 4937 1782 5011 seriem

230 5071 477 5141 intricatarum
513 5069 758 5163 quaestionum
793 5069 981 5160 miserunt,
1016 5070 1060 5141 de
1094 5069 1222 5165 quibus
1254 5067 1381 5141 mirum
1415 5074 1502 5162 quot
1536 5065 1680 5139 fastidia
1712 5071 1784 5135 tarn

232 5201 406 5277 Guiberto
435 5229 541 5300 quarn
572 5204 781 5300 Hildegardi
816 5207 1015 5279 creaverint
1048 5207 1096 5300 (p.
1131 5207 1212 5294 388,
1250 5206 1331 5292 389,
1368 5205 1449 5297 393,
1483 5205 1564 5297 395,
1599 5204 1680 5295 397,
1713 5202 1783 5272 398
