3998 6100
242 541 266 588 X
883 533 1130 584 PROOEMIUM

226 703 295 751 non
315 675 425 749 solum
446 674 665 770 presbyteros
684 671 868 762 Metenses,
888 675 1101 746 abbatissam
1116 674 1150 745 S.
1167 673 1397 762 Clodosindis,
1413 674 1473 746 sed
1493 681 1670 748 matronas
1686 677 1783 748 Stra·

225 807 461 900 teburgeuses:
481 825 545 874 nec
562 800 669 874 vicini
685 801 790 873 silent
807 801 938 896 Belgae
955 811 989 874 et
1008 801 1174 890 Helvetii,
1203 801 1456 896 Lausanenses,
1482 803 1779 897 Corratantienses,

227 931 507 1005 Arerbodienses
523 926 590 1025 (1),
611 928 841 1000 Betvaoenses
858 926 908 1025 (p.
930 931 1010 1022 524,
1032 931 1112 1023 525,
1133 931 1213 1022 526,
1235 931 1317 1022 535,
1338 929 1418 1019 536,
1440 933 1520 1021 556,
1543 933 1639 1030 561).

984 1185 1029 1256 V.

279 1459 423 1550 Quoties
442 1483 486 1532 ex
502 1458 696 1552 longinqua
713 1456 997 1552 peregrinatione
1013 1457 1058 1528 ad
1075 1481 1210 1531 sorores
1233 1437 1314 1532 suas
1332 1461 1529 1552 revertitur,
1549 1485 1639 1556 quae
1656 1461 1782 1534 solatia

229 1595 340 1676 erant,
356 1587 423 1659 nisi
437 1585 646 1659 suavissima
662 1581 819 1656 cantica?
835 1606 983 1677 quorum
998 1606 1106 1654 55655
1120 1583 1277 1680 rythmos
1295 1609 1365 1656 555
1380 1608 1459 1656 cum
1473 1585 1588 1658 verbis
1602 1585 1780 1675 inauditis,

231 1715 331 1812 quasi
349 1714 495 1787 coelitus
513 1712 685 1809 inspirata
703 1709 870 1806 profudit,
898 1709 1022 1783 156555
1052 1711 1087 1782 15
1114 1720 1191 1784 5665
1216 1712 1359 1805 6555155,
1388 1721 1471 1785 6555
1490 1712 1707 1808 peritissimis
1724 1739 1779 1786 ar-

232 1843 302 1915 dua
320 1848 354 1913 et
381 1840 489 1911 invia.
516 1837 726 1931 Quinimmo,
746 1836 819 1909 sire
837 1844 876 1909 ut
901 1860 1032 1909 555555
1058 1845 1092 1908 56
1118 1838 1225 1910 tricas
1242 1849 1395 1934 augeret,
1423 1839 1496 1910 sive
1513 1846 1553 1910 ut
1577 1838 1728 1911 15561655
1746 1851 1780 1910 56

231 1975 477 2069 inexpectatas
502 1978 637 2045 crearet
667 1971 867 2064 illecebras,
894 1973 1040 2062 15556565
1069 1973 1248 2066 excogitat
1277 1972 1435 2069 linguam
1473 1973 1527 2067 (2)
1559 1997 1686 2046 novam
1716 1996 1785 2068 que.

229 2103 451 2198 scripturam,
470 2101 606 2196 quibus,
626 2100 759 2197 opinor,
776 2099 947 2196 lepidiora
966 2108 1067 2172 erant
1086 2099 1360 2172 innocentissimi
1378 2101 1506 2173 theatri
1525 2100 1660 2173 ludicra
1679 2099 1784 2173 collo·

231 2229 315 2324 quia
333 2227 384 2324 (p.
404 2229 575 2316 411-465,
595 2228 782 2324 tas-504).

281 2356 350 2428 Sed
364 2355 455 2450 quod
470 2355 583 2450 majus
597 2362 659 2447 556,
673 2377 738 2426 555
752 2353 878 2425 minori
893 2353 1125 2425 admiratione
1139 2353 1294 2449 (lignum,
1306 2355 1429 2427 sedens
1443 2356 1477 2427 in
1492 2351 1782 2451 5551651555555·

234 2483 279 2555 516
297 2481 341 2554 56
359 2478 683 2577 interpretationem
702 2477 975 2573 evangeliorum,
1000 2477 1197 2575 multasque
1224 2504 1269 2550 ex
1295 2489 1449 2576 tempore
1476 2479 1584 2552 edidit
1610 2476 1783 2565 homilias,

232 2631 381 2705 quarum
399 2606 586 2700 sexaginta
604 2605 648 2677 56
665 2627 728 2676 555
745 2612 990 2700 55565556556,
1009 2628 1103 2676 5555
1120 2605 1272 2700 primum
1295 2605 1424 2701 publici
1438 2605 1538 2700 juris.
1554 2601 1704 2675 Easdem
1722 2607 1783 2674 556

234 2737 382 2810 15665555
400 2735 518 2830 plures
535 2733 620 2828 legit
636 2732 863 2824 Trithemius,
891 2738 942 2804 tot
960 2731 1128 2804 librorum
1149 2744 1329 2828 comestor,
1357 2734 1560 2807 subhorruit
1577 2743 1705 2824 antem,
1725 2735 1785 2805 ob·

235 2864 404 2937 scuritate
430 2862 635 2935 concionum
662 2861 859 2934 deterritus.
887 2861 978 2948 Quid
1007 2863 1132 2957 porro?
1162 2861 1353 2934 Teutonice
1379 2860 1471 2934 domi
1498 2863 1782 2936 concionabatur:

203 3069 208 3074 ,
234 2991 358 3065 aberat
375 2990 531 3088 capitulo
548 2987 764 3086 Wolmarus;
792 2988 920 3061 notarii
939 2997 1041 3060 erant
1059 2989 1238 3082 moniales,
1266 3013 1356 3084 quae
1382 3014 1451 3085 quo
1477 2990 1640 3062 subtilior
1665 2990 1787 3062 concio

236 3122 352 3216 fuerit,
372 3145 412 3194 eo
429 3119 573 3193 liberius
589 3119 723 3216 glossas
748 3118 918 3191 volaticas
945 3119 1114 3214 aucupari
1141 3119 1328 3207 studentes,
1357 3120 1533 3214 augebant
1559 3117 1704 3190 15665555
1730 3115 1785 3187 651

237 3245 452 3318 truncabant
469 3243 601 3332 audita,
619 3266 685 3316 nec
701 3243 770 3315 nisi
787 3265 892 3338 aegre
908 3241 1113 3314 audaciores
1131 3243 1327 3336 allegorias,
1343 3243 1397 3314 bis
1415 3251 1536 3338 terque
1554 3265 1599 3314 ex
1616 3241 1787 3336 interpre-

237 3373 283 3444 tis
299 3371 446 3444 arbitrio
464 3376 628 3460 mutatas,
644 3369 953 3466 persequebantur.
968 3367 1152 3440 Privatum
1172 3393 1254 3465 ergo
1273 3377 1384 3442 totum
1400 3393 1488 3466 opus
1506 3377 1589 3462 5565,
1606 3367 1695 3440 55111
1712 3389 1785 3438 556-

235 3510 272 3572 65
284 3499 364 3594 jure
383 3497 607 3570 tribuendum
625 3500 674 3594 (p.
692 3495 880 3590 245321).

288 3626 363 3698 Nec
388 3626 474 3698 satis
500 3634 576 3698 erat
602 3623 845 3721 spiritualibus
862 3625 1016 3697 omnium
1040 3627 1169 3699 morbis
1190 3628 1385 3700 consulere:
1414 3634 1487 3700 tum
1507 3628 1660 3700 maxime
1678 3626 1712 3698 in
1732 3649 1789 3698 eo-

240 3755 318 3826 dem
353 3753 532 3847 deoennio,
568 3777 612 3826 ex
647 3752 803 3851 epistolis
836 3761 972 3827 5555656
1005 3755 1214 3828 confluxisse
1249 3766 1418 3852 aegrotos,
1454 3759 1630 3854 etiamque
1664 3757 1788 3854 procul

243 3881 373 3979 positos
398 3880 552 3952 remedia
578 3879 802 3976 quaesivisse.
831 3879 1004 3974 Agedum,
1034 3880 1204 3954 indelessa
1230 3883 1320 3955 sicut
1338 3885 1414 3981 apis
1431 3894 1688 3980 argumentosa,
1716 3909 1788 3957 555

242 4007 361 4081 timuit
387 4007 587 4079 morborum
613 4007 763 4078 scrutari
789 4005 941 4078 indolem
968 4015 1002 4080 et
1027 4032 1161 4104 causas,
1181 4011 1396 4083 animalium
1414 4035 1515 4085 nosse
1544 4021 1705 4104 naturas,
1733 4035 1789 4083 ar·

262 4337 269 4398 t
278 4335 301 4394 tl
317 4331 477 4388 Probabilis
489 4331 587 4406 551515
600 4339 643 4388 551
657 4331 908 4396 bollandistarum.
920 4330 1001 4386 nobi·
1041 4333 1174 4402 quamde
1187 4337 1264 4391 tenni
1277 4336 1375 4392 libello
1390 4336 1431 4392 rir
1442 4334 1631 4404 germanicus,
1650 4333 1688 4389 ita
1702 4347 1787 4388 cursu

247 4419 301 4472 tem
315 4419 460 4474 abbatiam
472 4421 797 4476 Praemnnstratensium
809 4423 897 4476 151565
909 4420 937 4475 15
951 4437 1000 4475 no·
1042 4435 1150 4476 mecum
1163 4423 1334 4485 certarit,nt
1345 4423 1439 4478 curnis
1451 4421 1522 4476 mihi
1534 4419 1706 4494 praeriperet
1716 4415 1785 4486 trid.

248 4505 327 4562 mine
341 4505 504 4568 Etcrtutdc.
520 4507 684 4564 Eberharde.
700 4508 736 4564 cl.
753 4525 779 4580 p.
793 4511 856 4572 635,
868 4513 929 4564 558.
942 4509 998 4565 Nec
1040 4506 1074 4561 ad
1087 4507 1191 4562 calcem
1211 4507 1345 4579 prooemii
1366 4507 1606 4578 bibliograpbicas
1621 4507 1722 4566 notas).
1738 4503 1789 4558 Lo-

246 4591 382 4663 dispticrt
401 4593 565 4664 conjectura
585 4593 621 4649 51.
643 4593 833 4657 Schmelzeis,
855 4593 998 4662 ignotissi-
1040 4607 1105 4647 cum
1126 4603 1360 4666 praeoccupatum
1375 4595 1478 4666 reliqui
1494 4595 1627 4656 libenter,
1643 4592 1788 4662 51515556

250 4693 327 4732 56565
350 4677 513 4749 episcopum
535 4677 692 4734 Henrirum
716 4681 748 4734 de
770 4679 869 4742 Boves,
893 4679 997 4734 trustra
1041 4677 1159 4740 retinui.
1176 4679 1218 4733 uti
1234 4697 1282 4749 par
1296 4686 1367 4742 orat,
1382 4686 1490 4752 partem
1504 4680 1663 4735 herbariam
1677 4696 1692 4734 5
1707 4681 1743 4735 51.
1758 4685 1788 4735 et

247 4771 435 4835 quaesiturus
451 4764 647 4828 bollandistis,
660 4781 719 4821 esse
732 4764 895 4836 episcopum
909 4763 998 4820 Bello·
1040 4764 1132 4820 amicc
1151 4763 1212 4819 6165
1230 4763 1291 4822 car.
1309 4767 1454 4822 Desccmet
1474 4765 1585 4835 egregie
1603 4765 1787 4822 illustratam.

251 4867 408 4914 varensem,
429 4853 489 4907 sire
508 4855 540 4908 de
561 4853 695 4915 3555515,
713 4853 748 4910 51.
768 4853 824 4908 Das
841 4853 925 4908 lettera
939 4856 998 4908 aad
1039 4853 1109 4921 (vid.
1121 4869 1146 4924 p.
1159 4853 1399 4916 61111-5112,11111556
1410 4853 1548 4924 spopondi
1559 4861 1597 4924 (5.
1610 4855 1664 4916 7.),
1676 4851 1789 4906 1565515

252 4937 375 4994 1116116566
388 4939 415 4993 d.
431 4941 458 4994 lt.
475 4937 587 5011 Hildey.
605 4956 630 5009 p.
649 4943 709 4994 200.
1039 4942 1135 5011 uatpqq
1147 4939 1331 5000 Solesmonsi,
1347 4939 1427 4994 edere
1440 4943 1547 4994 55661155
1565 4953 1629 4993 5515
1643 4943 1714 4996 notia
1732 4958 1790 4994 ma-

284 5025 323 5086 121
339 5023 378 5076 tte
393 5022 575 5091 llitdcgsrdis
589 5023 912 5096 115555155565556515
928 5023 995 5086 1565,
1039 5029 1194 5094 5151555665
1207 5023 1322 5094 utrique
1333 5023 1437 5094 partim
1448 5024 1483 5078 ct.
1497 5023 1677 5079 Schmclzeis.
1693 5025 1789 5079 abstu-

248 5108 334 5160 ardua
357 5107 576 5178 1155151655555
594 5108 721 5170 fastidio,
737 5111 873 5166 habebam
893 5112 997 5167 deseri·
1042 5110 1087 5172 lit,
1109 5109 1220 5181 5155155
1241 5125 1305 5162 vero
1324 5107 1463 5178 corripuit
1488 5109 1532 5162 W.
1553 5109 1583 5165 E.
1604 5111 1679 5166 165116
1699 5129 1729 5168 ac
1750 5129 1791 5168 se-

249 5198 306 5262 pta,
333 5199 443 5254 etanta,
466 5194 540 5264 typis
562 5201 669 5264 555515,
691 5195 732 5249 uti
758 5196 873 5266 promisi
895 5203 932 5268 tp.
956 5203 994 5262 7,)
1039 5195 1141 5267 polivit
1162 5195 1449 5252 intrrFontesrerum
1462 5194 1665 5252 ll'assor'corum.
