<?xml version="1.0" encoding="UTF-8"?>
<!DOCTYPE html PUBLIC "-//W3C//DTD XHTML 1.0 Transitional//EN"
    "http://www.w3.org/TR/xhtml1/DTD/xhtml1-transitional.dtd">
<html xmlns="http://www.w3.org/1999/xhtml" xml:lang="en" lang="en">
 <head>
  <title>
</title>
<meta http-equiv="Content-Type" content="text/html;charset=utf-8" />
  <meta name='ocr-system' content='tesseract 3.04.00' />
  <meta name='ocr-capabilities' content='ocr_page ocr_carea ocr_par ocr_line ocrx_word'/>
</head>
<body>
  <div class='ocr_page' id='page_1' title='image "analectasacrasp04pitrgoog_0022.png"; bbox 0 0 3998 6100; ppageno 0'>
   <div class='ocr_carea' id='block_1_1' title="bbox 845 589 1689 641">
    <p class='ocr_par' dir='ltr' id='par_1_1' title="bbox 845 589 1689 641">
     <span class='ocr_line' id='line_1_1' title="bbox 845 589 1689 641; baseline -0.004 -3"><span class='ocrx_word' id='word_1_1' title='bbox 845 591 1098 641; x_wconf 72' lang='lat' dir='ltr'>PROOEMIUM</span> <span class='ocrx_word' id='word_1_2' title='bbox 1666 589 1689 635; x_wconf 73' lang='lat' dir='ltr'>V</span> 
     </span>
    </p>
   </div>
   <div class='ocr_carea' id='block_1_2' title="bbox 183 719 1740 3128">
    <p class='ocr_par' dir='ltr' id='par_1_2' title="bbox 189 719 1740 1203">
     <span class='ocr_line' id='line_1_2' title="bbox 191 719 1737 817; baseline 0.001 -26"><span class='ocrx_word' id='word_1_3' title='bbox 191 719 321 793; x_wconf 91' lang='lat' dir='ltr'>finibus</span> <span class='ocrx_word' id='word_1_4' title='bbox 337 719 461 792; x_wconf 88' lang='lat' dir='ltr'>sistere</span> <span class='ocrx_word' id='word_1_5' title='bbox 479 719 626 814; x_wconf 80' lang='lat' dir='ltr'><strong>soleant,</strong></span> <span class='ocrx_word' id='word_1_6' title='bbox 646 719 733 792; x_wconf 91' lang='lat' dir='ltr'>mihi</span> <span class='ocrx_word' id='word_1_7' title='bbox 751 729 947 817; x_wconf 90' lang='lat' dir='ltr'>temperare</span> <span class='ocrx_word' id='word_1_8' title='bbox 964 745 1110 817; x_wconf 81' lang='lat' dir='ltr'>nequeo,</span> <span class='ocrx_word' id='word_1_9' title='bbox 1122 722 1219 816; x_wconf 92' lang='lat' dir='ltr'>quin,</span> <span class='ocrx_word' id='word_1_10' title='bbox 1235 721 1345 794; x_wconf 91' lang='lat' dir='ltr'>donec</span> <span class='ocrx_word' id='word_1_11' title='bbox 1363 721 1510 794; x_wconf 89' lang='lat' dir='ltr'>edocear</span> <span class='ocrx_word' id='word_1_12' title='bbox 1523 719 1566 794; x_wconf 92' lang='lat' dir='ltr'>de</span> <span class='ocrx_word' id='word_1_13' title='bbox 1579 719 1737 817; x_wconf 81' lang='lat' dir='ltr'>profugo,</span> 
     </span>
     <span class='ocr_line' id='line_1_3' title="bbox 190 845 1738 944; baseline 0.001 -28"><span class='ocrx_word' id='word_1_14' title='bbox 190 846 364 943; x_wconf 83' lang='lat' dir='ltr'>appellari</span> <span class='ocrx_word' id='word_1_15' title='bbox 385 845 529 942; x_wconf 89' lang='lat' dir='ltr'>jubeam</span> <span class='ocrx_word' id='word_1_16' title='bbox 556 847 738 919; x_wconf 87' lang='lat' dir='ltr'>Sarmatas</span> <span class='ocrx_word' id='word_1_17' title='bbox 755 855 789 920; x_wconf 90' lang='lat' dir='ltr'>et</span> <span class='ocrx_word' id='word_1_18' title='bbox 807 847 952 940; x_wconf 88' lang='lat' dir='ltr'>Moscos,</span> <span class='ocrx_word' id='word_1_19' title='bbox 980 848 1100 920; x_wconf 82' lang='lat' dir='ltr'>Dauos</span> <span class='ocrx_word' id='word_1_20' title='bbox 1127 859 1161 920; x_wconf 85' lang='lat' dir='ltr'>et</span> <span class='ocrx_word' id='word_1_21' title='bbox 1180 849 1319 937; x_wconf 85' lang='lat' dir='ltr'>Succos,</span> <span class='ocrx_word' id='word_1_22' title='bbox 1347 847 1484 944; x_wconf 82' lang='lat' dir='ltr'>Anglos</span> <span class='ocrx_word' id='word_1_23' title='bbox 1501 856 1535 920; x_wconf 85' lang='lat' dir='ltr'>et</span> <span class='ocrx_word' id='word_1_24' title='bbox 1560 847 1596 918; x_wconf 93' lang='lat' dir='ltr'>iu</span> <span class='ocrx_word' id='word_1_25' title='bbox 1613 845 1738 918; x_wconf 91' lang='lat' dir='ltr'>ultimo</span> 
     </span>
     <span class='ocr_line' id='line_1_4' title="bbox 190 975 1740 1075; baseline -0.001 -27"><span class='ocrx_word' id='word_1_26' title='bbox 190 978 274 1049; x_wconf 93' lang='lat' dir='ltr'>orbe</span> <span class='ocrx_word' id='word_1_27' title='bbox 299 977 501 1050; x_wconf 81' lang='lat' dir='ltr'>Britannos.</span> <span class='ocrx_word' id='word_1_28' title='bbox 529 976 601 1049; x_wconf 91' lang='lat' dir='ltr'>Ubi</span> <span class='ocrx_word' id='word_1_29' title='bbox 629 1000 712 1049; x_wconf 87' lang='lat' dir='ltr'>vero</span> <span class='ocrx_word' id='word_1_30' title='bbox 730 976 832 1051; x_wconf 91' lang='lat' dir='ltr'>editis</span> <span class='ocrx_word' id='word_1_31' title='bbox 850 987 932 1049; x_wconf 76' lang='lat' dir='ltr'>anto</span> <span class='ocrx_word' id='word_1_32' title='bbox 958 1002 1020 1051; x_wconf 94' lang='lat' dir='ltr'>nos</span> <span class='ocrx_word' id='word_1_33' title='bbox 1050 981 1118 1050; x_wconf 81' lang='lat'>145</span> <span class='ocrx_word' id='word_1_34' title='bbox 1140 977 1296 1075; x_wconf 89' lang='lat' dir='ltr'>epistolis</span> <span class='ocrx_word' id='word_1_35' title='bbox 1311 1000 1405 1049; x_wconf 91' lang='lat' dir='ltr'>nunc</span> <span class='ocrx_word' id='word_1_36' title='bbox 1430 999 1541 1049; x_wconf 85' lang='lat' dir='ltr'>noras</span> <span class='ocrx_word' id='word_1_37' title='bbox 1561 975 1657 1072; x_wconf 88' lang='lat' dir='ltr'>justo</span> <span class='ocrx_word' id='word_1_38' title='bbox 1683 997 1740 1046; x_wconf 91' lang='lat' dir='ltr'>eo·</span> 
     </span>
     <span class='ocr_line' id='line_1_5' title="bbox 189 1104 1258 1203; baseline 0 -27"><span class='ocrx_word' id='word_1_39' title='bbox 189 1105 268 1177; x_wconf 89' lang='lat' dir='ltr'>dem</span> <span class='ocrx_word' id='word_1_40' title='bbox 287 1129 432 1180; x_wconf 90' lang='lat' dir='ltr'>numero</span> <span class='ocrx_word' id='word_1_41' title='bbox 449 1105 621 1194; x_wconf 89' lang='lat' dir='ltr'>addimus,</span> <span class='ocrx_word' id='word_1_42' title='bbox 636 1104 723 1176; x_wconf 89' lang='lat' dir='ltr'><strong>nihil</strong></span> <span class='ocrx_word' id='word_1_43' title='bbox 742 1104 832 1178; x_wconf 83' lang='lat' dir='ltr'>forte</span> <span class='ocrx_word' id='word_1_44' title='bbox 849 1129 931 1178; x_wconf 91' lang='lat' dir='ltr'>casu</span> <span class='ocrx_word' id='word_1_45' title='bbox 950 1115 1012 1179; x_wconf 89' lang='lat' dir='ltr'>aut</span> <span class='ocrx_word' id='word_1_46' title='bbox 1029 1105 1124 1179; x_wconf 87' lang='lat' dir='ltr'>iurto</span> <span class='ocrx_word' id='word_1_47' title='bbox 1142 1106 1258 1203; x_wconf 88' lang='lat' dir='ltr'>periit.</span> 
     </span>
    </p>

    <p class='ocr_par' dir='ltr' id='par_1_3' title="bbox 183 1231 1739 3128">
     <span class='ocr_line' id='line_1_6' title="bbox 237 1231 1738 1329; baseline 0 -25"><span class='ocrx_word' id='word_1_48' title='bbox 237 1233 306 1304; x_wconf 85' lang='lat' dir='ltr'>Sed</span> <span class='ocrx_word' id='word_1_49' title='bbox 323 1257 431 1328; x_wconf 90' lang='lat' dir='ltr'>quum</span> <span class='ocrx_word' id='word_1_50' title='bbox 451 1233 493 1302; x_wconf 86' lang='lat' dir='ltr'>ad</span> <span class='ocrx_word' id='word_1_51' title='bbox 513 1257 638 1304; x_wconf 87' lang='lat' dir='ltr'>manus</span> <span class='ocrx_word' id='word_1_52' title='bbox 654 1234 725 1304; x_wconf 89' lang='lat' dir='ltr'>sint</span> <span class='ocrx_word' id='word_1_53' title='bbox 739 1232 906 1329; x_wconf 86' lang='lat' dir='ltr'>epistolae</span> <span class='ocrx_word' id='word_1_54' title='bbox 923 1235 1005 1324; x_wconf 82' lang='lat'>290,</span> <span class='ocrx_word' id='word_1_55' title='bbox 1034 1233 1150 1304; x_wconf 87' lang='lat' dir='ltr'>taedet</span> <span class='ocrx_word' id='word_1_56' title='bbox 1168 1233 1276 1304; x_wconf 82' lang='lat' dir='ltr'>nostri</span> <span class='ocrx_word' id='word_1_57' title='bbox 1293 1257 1362 1304; x_wconf 91' lang='lat' dir='ltr'>non</span> <span class='ocrx_word' id='word_1_58' title='bbox 1382 1255 1455 1305; x_wconf 89' lang='lat' dir='ltr'>esse</span> <span class='ocrx_word' id='word_1_59' title='bbox 1471 1231 1625 1304; x_wconf 84' lang='lat' dir='ltr'>instituti</span> <span class='ocrx_word' id='word_1_60' title='bbox 1641 1239 1738 1304; x_wconf 86' lang='lat' dir='ltr'>texe·</span> 
     </span>
     <span class='ocr_line' id='line_1_7' title="bbox 188 1356 1737 1459; baseline -0.003 -24"><span class='ocrx_word' id='word_1_61' title='bbox 188 1387 225 1435; x_wconf 92' lang='lat' dir='ltr'>re</span> <span class='ocrx_word' id='word_1_62' title='bbox 243 1365 443 1436; x_wconf 81' lang='lat' dir='ltr'>universam</span> <span class='ocrx_word' id='word_1_63' title='bbox 461 1365 615 1435; x_wconf 89' lang='lat' dir='ltr'>omnium</span> <span class='ocrx_word' id='word_1_64' title='bbox 643 1362 871 1459; x_wconf 88' lang='lat' dir='ltr'>Hildegardis</span> <span class='ocrx_word' id='word_1_65' title='bbox 888 1362 1084 1434; x_wconf 86' lang='lat' dir='ltr'>litterarum</span> <span class='ocrx_word' id='word_1_66' title='bbox 1102 1361 1262 1434; x_wconf 82' lang='lat' dir='ltr'><strong>notitiam</strong></span> <span class='ocrx_word' id='word_1_67' title='bbox 1282 1361 1482 1435; x_wconf 79' lang='lat' dir='ltr'><strong>historicam</strong></span> <span class='ocrx_word' id='word_1_68' title='bbox 1500 1368 1534 1435; x_wconf 89' lang='lat' dir='ltr'>ct</span> <span class='ocrx_word' id='word_1_69' title='bbox 1555 1356 1737 1432; x_wconf 91' lang='lat' dir='ltr'>chronolo-</span> 
     </span>
     <span class='ocr_line' id='line_1_8' title="bbox 186 1475 1737 1587; baseline -0.003 -27"><span class='ocrx_word' id='word_1_70' title='bbox 186 1489 312 1584; x_wconf 82' lang='lat' dir='ltr'>gicam.</span> <span class='ocrx_word' id='word_1_71' title='bbox 328 1489 441 1563; x_wconf 88' lang='lat' dir='ltr'>Nemo</span> <span class='ocrx_word' id='word_1_72' title='bbox 454 1514 523 1563; x_wconf 93' lang='lat' dir='ltr'>non</span> <span class='ocrx_word' id='word_1_73' title='bbox 538 1490 635 1562; x_wconf 86' lang='lat' dir='ltr'>ridet</span> <span class='ocrx_word' id='word_1_74' title='bbox 652 1499 787 1586; x_wconf 87' lang='lat' dir='ltr'>quanta</span> <span class='ocrx_word' id='word_1_75' title='bbox 803 1489 867 1562; x_wconf 87' lang='lat' dir='ltr'>lux</span> <span class='ocrx_word' id='word_1_76' title='bbox 884 1498 1108 1587; x_wconf 79' lang='lat' dir='ltr'>spargeretur</span> <span class='ocrx_word' id='word_1_77' title='bbox 1125 1513 1194 1562; x_wconf 92' lang='lat' dir='ltr'>non</span> <span class='ocrx_word' id='word_1_78' title='bbox 1213 1489 1324 1563; x_wconf 89' lang='lat' dir='ltr'>solum</span> <span class='ocrx_word' id='word_1_79' title='bbox 1341 1490 1379 1561; x_wconf 93' lang='lat' dir='ltr'>in</span> <span class='ocrx_word' id='word_1_80' title='bbox 1396 1475 1538 1585; x_wconf 84' lang='lat' dir='ltr'>longam</span> <span class='ocrx_word' id='word_1_81' title='bbox 1551 1488 1626 1583; x_wconf 90' lang='lat' dir='ltr'>ejus</span> <span class='ocrx_word' id='word_1_82' title='bbox 1642 1485 1737 1559; x_wconf 86' lang='lat' dir='ltr'>ritae</span> 
     </span>
     <span class='ocr_line' id='line_1_9' title="bbox 187 1613 1738 1717; baseline -0.004 -26"><span class='ocrx_word' id='word_1_83' title='bbox 187 1621 380 1716; x_wconf 89' lang='lat' dir='ltr'>periodum,</span> <span class='ocrx_word' id='word_1_84' title='bbox 396 1620 439 1692; x_wconf 91' lang='lat' dir='ltr'>ad</span> <span class='ocrx_word' id='word_1_85' title='bbox 455 1620 631 1716; x_wconf 84' lang='lat' dir='ltr'>octoginta</span> <span class='ocrx_word' id='word_1_86' title='bbox 650 1644 760 1717; x_wconf 91' lang='lat' dir='ltr'>usque</span> <span class='ocrx_word' id='word_1_87' title='bbox 777 1645 888 1694; x_wconf 85' lang='lat' dir='ltr'>annos</span> <span class='ocrx_word' id='word_1_88' title='bbox 906 1620 1122 1716; x_wconf 88' lang='lat' dir='ltr'>productam,</span> <span class='ocrx_word' id='word_1_89' title='bbox 1141 1619 1250 1691; x_wconf 91' lang='lat' dir='ltr'>sedin</span> <span class='ocrx_word' id='word_1_90' title='bbox 1265 1625 1377 1692; x_wconf 87' lang='lat' dir='ltr'>totum</span> <span class='ocrx_word' id='word_1_91' title='bbox 1395 1617 1473 1691; x_wconf 87' lang='lat' dir='ltr'>XII</span> <span class='ocrx_word' id='word_1_92' title='bbox 1489 1614 1621 1690; x_wconf 89' lang='lat' dir='ltr'>saeculi</span> <span class='ocrx_word' id='word_1_93' title='bbox 1637 1613 1738 1687; x_wconf 85' lang='lat' dir='ltr'>thea-</span> 
     </span>
     <span class='ocr_line' id='line_1_10' title="bbox 184 1749 1737 1858; baseline -0.006 -32"><span class='ocrx_word' id='word_1_94' title='bbox 184 1765 292 1850; x_wconf 78' lang='lat' dir='ltr'>trum3</span> <span class='ocrx_word' id='word_1_95' title='bbox 307 1756 342 1827; x_wconf 94' lang='lat' dir='ltr'>in</span> <span class='ocrx_word' id='word_1_96' title='bbox 361 1778 430 1850; x_wconf 90' lang='lat' dir='ltr'>quo</span> <span class='ocrx_word' id='word_1_97' title='bbox 447 1752 552 1826; x_wconf 92' lang='lat' dir='ltr'>simul</span> <span class='ocrx_word' id='word_1_98' title='bbox 578 1777 657 1826; x_wconf 91' lang='lat' dir='ltr'>cum</span> <span class='ocrx_word' id='word_1_99' title='bbox 682 1753 901 1858; x_wconf 86' lang='lat' dir='ltr'>Hildegarde</span> <span class='ocrx_word' id='word_1_100' title='bbox 919 1755 1112 1826; x_wconf 87' lang='lat' dir='ltr'>consistunt</span> <span class='ocrx_word' id='word_1_101' title='bbox 1135 1751 1334 1844; x_wconf 83' lang='lat' dir='ltr'>Pontifices,</span> <span class='ocrx_word' id='word_1_102' title='bbox 1362 1775 1471 1847; x_wconf 86' lang='lat' dir='ltr'>reges,</span> <span class='ocrx_word' id='word_1_103' title='bbox 1498 1749 1737 1846; x_wconf 88' lang='lat' dir='ltr'>imperatores,</span> 
     </span>
     <span class='ocr_line' id='line_1_11' title="bbox 183 1873 1738 1978; baseline -0.005 -25"><span class='ocrx_word' id='word_1_104' title='bbox 183 1881 337 1978; x_wconf 83' lang='lat' dir='ltr'><strong>episcopi</strong></span> <span class='ocrx_word' id='word_1_105' title='bbox 356 1889 390 1954; x_wconf 89' lang='lat' dir='ltr'>et</span> <span class='ocrx_word' id='word_1_106' title='bbox 409 1881 576 1977; x_wconf 85' lang='lat' dir='ltr'>praelati,</span> <span class='ocrx_word' id='word_1_107' title='bbox 597 1881 714 1953; x_wconf 90' lang='lat' dir='ltr'>clerici</span> <span class='ocrx_word' id='word_1_108' title='bbox 734 1889 768 1952; x_wconf 85' lang='lat' dir='ltr'>at</span> <span class='ocrx_word' id='word_1_109' title='bbox 787 1879 960 1970; x_wconf 89' lang='lat' dir='ltr'>monachi,</span> <span class='ocrx_word' id='word_1_110' title='bbox 980 1903 1020 1952; x_wconf 89' lang='lat' dir='ltr'>ac</span> <span class='ocrx_word' id='word_1_111' title='bbox 1038 1880 1235 1952; x_wconf 82' lang='lat' dir='ltr'>saeculares</span> <span class='ocrx_word' id='word_1_112' title='bbox 1251 1880 1502 1976; x_wconf 86' lang='lat' dir='ltr'>cujuscumque</span> <span class='ocrx_word' id='word_1_113' title='bbox 1517 1873 1738 1961; x_wconf 83' lang='lat' dir='ltr'>conditionis,</span> 
     </span>
     <span class='ocr_line' id='line_1_12' title="bbox 184 1999 1737 2104; baseline -0.006 -24"><span class='ocrx_word' id='word_1_114' title='bbox 184 2009 313 2103; x_wconf 89' lang='lat' dir='ltr'>quibus</span> <span class='ocrx_word' id='word_1_115' title='bbox 336 2007 561 2104; x_wconf 74' lang='lat' dir='ltr'>prophetissa</span> <span class='ocrx_word' id='word_1_116' title='bbox 582 2007 797 2080; x_wconf 83' lang='lat' dir='ltr'>Germanica</span> <span class='ocrx_word' id='word_1_117' title='bbox 813 2007 961 2101; x_wconf 85' lang='lat' dir='ltr'>singulis</span> <span class='ocrx_word' id='word_1_118' title='bbox 984 2005 1057 2080; x_wconf 89' lang='lat' dir='ltr'>fere</span> <span class='ocrx_word' id='word_1_119' title='bbox 1083 2006 1205 2078; x_wconf 89' lang='lat' dir='ltr'>diebus</span> <span class='ocrx_word' id='word_1_120' title='bbox 1231 2006 1361 2078; x_wconf 84' lang='lat' dir='ltr'>direxit</span> <span class='ocrx_word' id='word_1_121' title='bbox 1378 2005 1522 2094; x_wconf 88' lang='lat' dir='ltr'>monita,</span> <span class='ocrx_word' id='word_1_122' title='bbox 1540 2003 1665 2095; x_wconf 87' lang='lat' dir='ltr'>minas,</span> <span class='ocrx_word' id='word_1_123' title='bbox 1683 1999 1737 2070; x_wconf 93' lang='lat' dir='ltr'>in·</span> 
     </span>
     <span class='ocr_line' id='line_1_13' title="bbox 184 2113 1739 2235; baseline -0.009 -25"><span class='ocrx_word' id='word_1_124' title='bbox 184 2138 414 2235; x_wconf 82' lang='lat' dir='ltr'>crepationes,</span> <span class='ocrx_word' id='word_1_125' title='bbox 442 2137 604 2232; x_wconf 87' lang='lat' dir='ltr'>oracula,</span> <span class='ocrx_word' id='word_1_126' title='bbox 630 2136 673 2210; x_wconf 93' lang='lat' dir='ltr'>de</span> <span class='ocrx_word' id='word_1_127' title='bbox 698 2135 946 2234; x_wconf 85' lang='lat' dir='ltr'>qualicumque</span> <span class='ocrx_word' id='word_1_128' title='bbox 976 2113 1209 2232; x_wconf 75' lang='lat' dir='ltr'>argumento,</span> <span class='ocrx_word' id='word_1_129' title='bbox 1234 2136 1279 2220; x_wconf 81' lang='lat' dir='ltr'>ab</span> <span class='ocrx_word' id='word_1_130' title='bbox 1309 2133 1487 2207; x_wconf 89' lang='lat' dir='ltr'>altissimis</span> <span class='ocrx_word' id='word_1_131' title='bbox 1515 2125 1739 2225; x_wconf 86' lang='lat' dir='ltr'>dogmatibus</span> 
     </span>
     <span class='ocr_line' id='line_1_14' title="bbox 186 2260 1736 2360; baseline -0.007 -24"><span class='ocrx_word' id='word_1_132' title='bbox 186 2265 297 2337; x_wconf 86' lang='lat' dir='ltr'>sacris</span> <span class='ocrx_word' id='word_1_133' title='bbox 324 2264 505 2360; x_wconf 84' lang='lat' dir='ltr'>usquead</span> <span class='ocrx_word' id='word_1_134' title='bbox 538 2263 728 2336; x_wconf 86' lang='lat' dir='ltr'>domestica</span> <span class='ocrx_word' id='word_1_135' title='bbox 753 2271 788 2335; x_wconf 89' lang='lat' dir='ltr'>et</span> <span class='ocrx_word' id='word_1_136' title='bbox 814 2263 950 2334; x_wconf 86' lang='lat' dir='ltr'>minuta</span> <span class='ocrx_word' id='word_1_137' title='bbox 975 2262 1128 2358; x_wconf 81' lang='lat' dir='ltr'>negotia.</span> <span class='ocrx_word' id='word_1_138' title='bbox 1157 2260 1304 2334; x_wconf 86' lang='lat' dir='ltr'>Utinam</span> <span class='ocrx_word' id='word_1_139' title='bbox 1332 2265 1484 2355; x_wconf 84' lang='lat' dir='ltr'>exurgat</span> <span class='ocrx_word' id='word_1_140' title='bbox 1508 2278 1646 2354; x_wconf 84' lang='lat' dir='ltr'>gnavus</span> <span class='ocrx_word' id='word_1_141' title='bbox 1675 2277 1736 2326; x_wconf 86' lang='lat' dir='ltr'>re-</span> 
     </span>
     <span class='ocr_line' id='line_1_15' title="bbox 184 2380 1737 2486; baseline -0.008 -21"><span class='ocrx_word' id='word_1_142' title='bbox 184 2401 300 2466; x_wconf 90' lang='lat' dir='ltr'>terum</span> <span class='ocrx_word' id='word_1_143' title='bbox 328 2415 443 2464; x_wconf 88' lang='lat' dir='ltr'>rarum</span> <span class='ocrx_word' id='word_1_144' title='bbox 469 2391 679 2486; x_wconf 86' lang='lat' dir='ltr'>indagator,</span> <span class='ocrx_word' id='word_1_145' title='bbox 707 2391 767 2486; x_wconf 93' lang='lat' dir='ltr'>qui</span> <span class='ocrx_word' id='word_1_146' title='bbox 793 2397 950 2485; x_wconf 83' lang='lat' dir='ltr'>spartam</span> <span class='ocrx_word' id='word_1_147' title='bbox 978 2389 1070 2462; x_wconf 91' lang='lat' dir='ltr'>hanc</span> <span class='ocrx_word' id='word_1_148' title='bbox 1099 2389 1290 2486; x_wconf 88' lang='lat' dir='ltr'>suscipiat,</span> <span class='ocrx_word' id='word_1_149' title='bbox 1323 2397 1357 2460; x_wconf 89' lang='lat' dir='ltr'>et</span> <span class='ocrx_word' id='word_1_150' title='bbox 1383 2411 1461 2484; x_wconf 89' lang='lat' dir='ltr'>cum</span> <span class='ocrx_word' id='word_1_151' title='bbox 1491 2385 1630 2479; x_wconf 85' lang='lat' dir='ltr'>integro</span> <span class='ocrx_word' id='word_1_152' title='bbox 1655 2380 1737 2454; x_wconf 91' lang='lat' dir='ltr'>Hil-</span> 
     </span>
     <span class='ocr_line' id='line_1_16' title="bbox 185 2513 1737 2616; baseline -0.007 -24"><span class='ocrx_word' id='word_1_153' title='bbox 185 2521 349 2616; x_wconf 80' lang='lat' dir='ltr'>dagardis</span> <span class='ocrx_word' id='word_1_154' title='bbox 375 2521 539 2616; x_wconf 83' lang='lat' dir='ltr'>registro,</span> <span class='ocrx_word' id='word_1_155' title='bbox 568 2543 612 2591; x_wconf 83' lang='lat' dir='ltr'>ex</span> <span class='ocrx_word' id='word_1_156' title='bbox 638 2518 760 2591; x_wconf 93' lang='lat' dir='ltr'>ordine</span> <span class='ocrx_word' id='word_1_157' title='bbox 785 2526 980 2614; x_wconf 87' lang='lat' dir='ltr'>temporum</span> <span class='ocrx_word' id='word_1_158' title='bbox 1013 2527 1155 2606; x_wconf 87' lang='lat' dir='ltr'>exacto,</span> <span class='ocrx_word' id='word_1_159' title='bbox 1184 2517 1325 2590; x_wconf 84' lang='lat' dir='ltr'>evolvat</span> <span class='ocrx_word' id='word_1_160' title='bbox 1351 2524 1386 2589; x_wconf 85' lang='lat' dir='ltr'>et</span> <span class='ocrx_word' id='word_1_161' title='bbox 1415 2513 1737 2588; x_wconf 68' lang='lat' dir='ltr'>conformaretur</span> 
     </span>
     <span class='ocr_line' id='line_1_17' title="bbox 183 2641 1737 2739; baseline -0.006 -20"><span class='ocrx_word' id='word_1_162' title='bbox 183 2647 302 2720; x_wconf 85' lang='lat' dir='ltr'>omnia</span> <span class='ocrx_word' id='word_1_163' title='bbox 329 2645 523 2719; x_wconf 83' lang='lat' dir='ltr'>duodecimi</span> <span class='ocrx_word' id='word_1_164' title='bbox 550 2645 681 2717; x_wconf 87' lang='lat' dir='ltr'>saeculi</span> <span class='ocrx_word' id='word_1_165' title='bbox 707 2645 895 2718; x_wconf 80' lang='lat' dir='ltr'>tabularia!</span> <span class='ocrx_word' id='word_1_166' title='bbox 924 2645 997 2719; x_wconf 88' lang='lat' dir='ltr'>Nos</span> <span class='ocrx_word' id='word_1_167' title='bbox 1023 2645 1263 2718; x_wconf 78' lang='lat' dir='ltr'>Analectoram</span> <span class='ocrx_word' id='word_1_168' title='bbox 1283 2644 1352 2739; x_wconf 85' lang='lat' dir='ltr'>legi</span> <span class='ocrx_word' id='word_1_169' title='bbox 1378 2641 1608 2738; x_wconf 88' lang='lat' dir='ltr'>mancipatos,</span> <span class='ocrx_word' id='word_1_170' title='bbox 1634 2661 1737 2734; x_wconf 86' lang='lat' dir='ltr'>opor·</span> 
     </span>
     <span class='ocr_line' id='line_1_18' title="bbox 187 2767 1737 2870; baseline -0.005 -24"><span class='ocrx_word' id='word_1_171' title='bbox 187 2783 236 2846; x_wconf 86' lang='lat' dir='ltr'>tet</span> <span class='ocrx_word' id='word_1_172' title='bbox 264 2799 357 2846; x_wconf 89' lang='lat' dir='ltr'>nova</span> <span class='ocrx_word' id='word_1_173' title='bbox 383 2773 565 2867; x_wconf 86' lang='lat' dir='ltr'>anecdota,</span> <span class='ocrx_word' id='word_1_174' title='bbox 593 2782 696 2870; x_wconf 90' lang='lat' dir='ltr'>prout</span> <span class='ocrx_word' id='word_1_175' title='bbox 717 2773 848 2869; x_wconf 88' lang='lat' dir='ltr'>jacent,</span> <span class='ocrx_word' id='word_1_176' title='bbox 875 2775 1073 2866; x_wconf 87' lang='lat' dir='ltr'>rescribere,</span> <span class='ocrx_word' id='word_1_177' title='bbox 1101 2773 1158 2844; x_wconf 91' lang='lat' dir='ltr'>hic</span> <span class='ocrx_word' id='word_1_178' title='bbox 1184 2797 1267 2845; x_wconf 90' lang='lat' dir='ltr'>voro</span> <span class='ocrx_word' id='word_1_179' title='bbox 1293 2771 1391 2843; x_wconf 84' lang='lat' dir='ltr'>brari</span> <span class='ocrx_word' id='word_1_180' title='bbox 1418 2777 1555 2842; x_wconf 85' lang='lat' dir='ltr'>tantum</span> <span class='ocrx_word' id='word_1_181' title='bbox 1581 2767 1619 2840; x_wconf 94' lang='lat' dir='ltr'>in</span> <span class='ocrx_word' id='word_1_182' title='bbox 1644 2789 1737 2839; x_wconf 89' lang='lat' dir='ltr'>com·</span> 
     </span>
     <span class='ocr_line' id='line_1_19' title="bbox 186 2898 1737 3001; baseline -0.003 -27"><span class='ocrx_word' id='word_1_183' title='bbox 186 2903 315 2999; x_wconf 92' lang='lat' dir='ltr'>pendio</span> <span class='ocrx_word' id='word_1_184' title='bbox 342 2902 470 2976; x_wconf 87' lang='lat' dir='ltr'>referre</span> <span class='ocrx_word' id='word_1_185' title='bbox 491 2903 659 2976; x_wconf 87' lang='lat' dir='ltr'>historica</span> <span class='ocrx_word' id='word_1_186' title='bbox 675 2904 840 2996; x_wconf 88' lang='lat' dir='ltr'>subsidia,</span> <span class='ocrx_word' id='word_1_187' title='bbox 868 2927 958 3001; x_wconf 89' lang='lat' dir='ltr'>quae</span> <span class='ocrx_word' id='word_1_188' title='bbox 976 2911 1037 2976; x_wconf 88' lang='lat' dir='ltr'>aut</span> <span class='ocrx_word' id='word_1_189' title='bbox 1054 2927 1147 2975; x_wconf 90' lang='lat' dir='ltr'>nova</span> <span class='ocrx_word' id='word_1_190' title='bbox 1165 2909 1227 2975; x_wconf 85' lang='lat' dir='ltr'>aut</span> <span class='ocrx_word' id='word_1_191' title='bbox 1249 2903 1400 2976; x_wconf 89' lang='lat' dir='ltr'>clariora</span> <span class='ocrx_word' id='word_1_192' title='bbox 1418 2909 1510 2994; x_wconf 81' lang='lat' dir='ltr'>sunt,</span> <span class='ocrx_word' id='word_1_193' title='bbox 1538 2906 1573 2974; x_wconf 83' lang='lat' dir='ltr'>et</span> <span class='ocrx_word' id='word_1_194' title='bbox 1598 2898 1737 2996; x_wconf 89' lang='lat' dir='ltr'>potissi-</span> 
     </span>
     <span class='ocr_line' id='line_1_20' title="bbox 185 3031 1067 3128; baseline 0 -25"><span class='ocrx_word' id='word_1_195' title='bbox 185 3055 281 3104; x_wconf 91' lang='lat' dir='ltr'>mum</span> <span class='ocrx_word' id='word_1_196' title='bbox 301 3031 345 3103; x_wconf 88' lang='lat' dir='ltr'>ad</span> <span class='ocrx_word' id='word_1_197' title='bbox 366 3032 473 3104; x_wconf 80' lang='lat' dir='ltr'>vitam</span> <span class='ocrx_word' id='word_1_198' title='bbox 493 3033 616 3104; x_wconf 88' lang='lat' dir='ltr'>beatae</span> <span class='ocrx_word' id='word_1_199' title='bbox 634 3031 861 3126; x_wconf 82' lang='lat' dir='ltr'>Hildegardis</span> <span class='ocrx_word' id='word_1_200' title='bbox 878 3031 1067 3128; x_wconf 87' lang='lat' dir='ltr'>pertinent.</span> 
     </span>
    </p>
   </div>
   <div class='ocr_carea' id='block_1_3' title="bbox 931 3289 999 3361">
    <p class='ocr_par' dir='ltr' id='par_1_4' title="bbox 931 3289 999 3361">
     <span class='ocr_line' id='line_1_21' title="bbox 931 3289 999 3361; baseline -0.029 0"><span class='ocrx_word' id='word_1_201' title='bbox 931 3289 999 3361; x_wconf 87' lang='grc' dir='ltr'>ΙΙΙ.</span> 
     </span>
    </p>
   </div>
   <div class='ocr_carea' id='block_1_4' title="bbox 186 3546 1736 4154">
    <p class='ocr_par' dir='ltr' id='par_1_5' title="bbox 186 3546 1736 4004">
     <span class='ocr_line' id='line_1_22' title="bbox 235 3546 1736 3646; baseline -0.002 -26"><span class='ocrx_word' id='word_1_202' title='bbox 235 3549 295 3620; x_wconf 88' lang='lat' dir='ltr'>Ab</span> <span class='ocrx_word' id='word_1_203' title='bbox 313 3556 391 3621; x_wconf 86' lang='lat' dir='ltr'>ortu</span> <span class='ocrx_word' id='word_1_204' title='bbox 406 3548 603 3622; x_wconf 92' lang='lat' dir='ltr'>duodecimi</span> <span class='ocrx_word' id='word_1_205' title='bbox 619 3549 761 3640; x_wconf 90' lang='lat' dir='ltr'>saeculi,</span> <span class='ocrx_word' id='word_1_206' title='bbox 780 3549 816 3622; x_wconf 94' lang='lat' dir='ltr'>in</span> <span class='ocrx_word' id='word_1_207' title='bbox 835 3550 910 3646; x_wconf 88' lang='lat' dir='ltr'>ipso</span> <span class='ocrx_word' id='word_1_208' title='bbox 929 3573 1021 3623; x_wconf 90' lang='lat' dir='ltr'>anno</span> <span class='ocrx_word' id='word_1_209' title='bbox 1040 3549 1118 3643; x_wconf 80' lang='lat' dir='ltr'>lla,</span> <span class='ocrx_word' id='word_1_210' title='bbox 1137 3555 1257 3622; x_wconf 88' lang='lat' dir='ltr'>natam</span> <span class='ocrx_word' id='word_1_211' title='bbox 1275 3571 1349 3622; x_wconf 88' lang='lat' dir='ltr'>essa</span> <span class='ocrx_word' id='word_1_212' title='bbox 1362 3546 1627 3643; x_wconf 83' lang='lat' dir='ltr'>Hildegardem,</span> <span class='ocrx_word' id='word_1_213' title='bbox 1643 3567 1736 3618; x_wconf 88' lang='lat' dir='ltr'>corn-</span> 
     </span>
     <span class='ocr_line' id='line_1_23' title="bbox 186 3665 1735 3775; baseline -0.002 -28"><span class='ocrx_word' id='word_1_214' title='bbox 186 3676 304 3748; x_wconf 91' lang='lat' dir='ltr'>munis</span> <span class='ocrx_word' id='word_1_215' title='bbox 321 3665 510 3767; x_wconf 61' lang='lat' dir='ltr'>aebutium</span> <span class='ocrx_word' id='word_1_216' title='bbox 531 3677 624 3774; x_wconf 89' lang='lat' dir='ltr'>apud</span> <span class='ocrx_word' id='word_1_217' title='bbox 652 3701 714 3751; x_wconf 93' lang='lat' dir='ltr'>nos</span> <span class='ocrx_word' id='word_1_218' title='bbox 739 3677 791 3775; x_wconf 84' lang='lat' dir='ltr'>(p.</span> <span class='ocrx_word' id='word_1_219' title='bbox 811 3680 892 3768; x_wconf 81' lang='lat'>407,</span> <span class='ocrx_word' id='word_1_220' title='bbox 911 3679 1009 3774; x_wconf 83' lang='lat'>435),</span> <span class='ocrx_word' id='word_1_221' title='bbox 1036 3677 1211 3750; x_wconf 89' lang='lat' dir='ltr'>sententia</span> <span class='ocrx_word' id='word_1_222' title='bbox 1228 3675 1482 3771; x_wconf 91' lang='lat' dir='ltr'>coaequalium,</span> <span class='ocrx_word' id='word_1_223' title='bbox 1510 3674 1593 3748; x_wconf 93' lang='lat' dir='ltr'>dum</span> <span class='ocrx_word' id='word_1_224' title='bbox 1616 3695 1735 3745; x_wconf 88' lang='lat' dir='ltr'>recen-</span> 
     </span>
     <span class='ocr_line' id='line_1_24' title="bbox 186 3799 1736 3896; baseline 0.001 -27"><span class='ocrx_word' id='word_1_225' title='bbox 186 3799 309 3891; x_wconf 84' lang='lat' dir='ltr'>tiores,</span> <span class='ocrx_word' id='word_1_226' title='bbox 346 3799 466 3896; x_wconf 87' lang='lat' dir='ltr'>aliquo</span> <span class='ocrx_word' id='word_1_227' title='bbox 493 3800 605 3896; x_wconf 88' lang='lat' dir='ltr'>ipsius</span> <span class='ocrx_word' id='word_1_228' title='bbox 633 3811 777 3875; x_wconf 89' lang='lat' dir='ltr'>sanctae</span> <span class='ocrx_word' id='word_1_229' title='bbox 801 3801 1011 3892; x_wconf 86' lang='lat' dir='ltr'>testimonio,</span> <span class='ocrx_word' id='word_1_230' title='bbox 1043 3809 1083 3874; x_wconf 89' lang='lat' dir='ltr'>ut</span> <span class='ocrx_word' id='word_1_231' title='bbox 1113 3801 1261 3894; x_wconf 87' lang='lat' dir='ltr'>ridetur,</span> <span class='ocrx_word' id='word_1_232' title='bbox 1289 3800 1384 3892; x_wconf 85' lang='lat' dir='ltr'>fulti,</span> <span class='ocrx_word' id='word_1_233' title='bbox 1422 3824 1552 3872; x_wconf 88' lang='lat' dir='ltr'>annum</span> <span class='ocrx_word' id='word_1_234' title='bbox 1579 3799 1736 3872; x_wconf 89' lang='lat' dir='ltr'>natalem</span> 
     </span>
     <span class='ocr_line' id='line_1_25' title="bbox 190 3927 843 4004; baseline 0.009 -6"><span class='ocrx_word' id='word_1_235' title='bbox 190 3927 397 4000; x_wconf 84' lang='lat' dir='ltr'>MXGVIII</span> <span class='ocrx_word' id='word_1_236' title='bbox 414 3930 470 4001; x_wconf 87' lang='lat' dir='ltr'>rel</span> <span class='ocrx_word' id='word_1_237' title='bbox 490 3929 655 4003; x_wconf 83' lang='lat' dir='ltr'>MXCIX</span> <span class='ocrx_word' id='word_1_238' title='bbox 671 3939 843 4004; x_wconf 86' lang='lat' dir='ltr'>statuunt.</span> 
     </span>
    </p>

    <p class='ocr_par' dir='ltr' id='par_1_6' title="bbox 231 4053 1734 4154">
     <span class='ocr_line' id='line_1_26' title="bbox 231 4053 1734 4154; baseline -0.001 -28"><span class='ocrx_word' id='word_1_239' title='bbox 231 4053 384 4126; x_wconf 87' lang='lat' dir='ltr'>Matrem</span> <span class='ocrx_word' id='word_1_240' title='bbox 413 4053 539 4128; x_wconf 88' lang='lat' dir='ltr'>habuit</span> <span class='ocrx_word' id='word_1_241' title='bbox 568 4056 795 4130; x_wconf 84' lang='lat' dir='ltr'>Meohtildem</span> <span class='ocrx_word' id='word_1_242' title='bbox 821 4059 920 4143; x_wconf 83' lang='lat' dir='ltr'>(olias</span> <span class='ocrx_word' id='word_1_243' title='bbox 946 4058 1174 4154; x_wconf 80' lang='lat' dir='ltr'>Motbildem),</span> <span class='ocrx_word' id='word_1_244' title='bbox 1206 4062 1342 4151; x_wconf 83' lang='lat' dir='ltr'>patrem</span> <span class='ocrx_word' id='word_1_245' title='bbox 1368 4078 1452 4128; x_wconf 85' lang='lat' dir='ltr'>raro</span> <span class='ocrx_word' id='word_1_246' title='bbox 1476 4053 1734 4143; x_wconf 85' lang='lat' dir='ltr'>Hildebertum,</span> 
     </span>
    </p>
   </div>
   <div class='ocr_carea' id='block_1_5' title="bbox 187 4181 1877 4288">
    <p class='ocr_par' dir='ltr' id='par_1_7' title="bbox 187 4181 1877 4288">
     <span class='ocr_line' id='line_1_27' title="bbox 187 4181 1877 4288; baseline -0.001 -35"><span class='ocrx_word' id='word_1_247' title='bbox 187 4182 342 4255; x_wconf 92' lang='lat' dir='ltr'>nobilem</span> <span class='ocrx_word' id='word_1_248' title='bbox 362 4183 553 4255; x_wconf 85' lang='lat' dir='ltr'>vassallum</span> <span class='ocrx_word' id='word_1_249' title='bbox 580 4182 725 4256; x_wconf 88' lang='lat' dir='ltr'>Comitis</span> <span class='ocrx_word' id='word_1_250' title='bbox 758 4183 973 4279; x_wconf 82' lang='lat' dir='ltr'>Meginharti</span> <span class='ocrx_word' id='word_1_251' title='bbox 998 4183 1041 4256; x_wconf 92' lang='lat' dir='ltr'>de</span> <span class='ocrx_word' id='word_1_252' title='bbox 1066 4183 1268 4281; x_wconf 76' lang='lat' dir='ltr'>spanheim,</span> <span class='ocrx_word' id='word_1_253' title='bbox 1295 4184 1333 4256; x_wconf 93' lang='lat' dir='ltr'>in</span> <span class='ocrx_word' id='word_1_254' title='bbox 1359 4183 1567 4257; x_wconf 87' lang='lat' dir='ltr'>Palatinatu</span> <span class='ocrx_word' id='word_1_255' title='bbox 1583 4190 1619 4255; x_wconf 88' lang='lat' dir='ltr'>at</span> <span class='ocrx_word' id='word_1_256' title='bbox 1642 4181 1755 4288; x_wconf 21' lang='lat' dir='ltr'>dioc-¹</span> <span class='ocrx_word' id='word_1_257' title='bbox 1874 4206 1877 4212; x_wconf 93' lang='lat'>·</span> 
     </span>
    </p>
   </div>
   <div class='ocr_carea' id='block_1_6' title="bbox 186 4309 1740 5314">
    <p class='ocr_par' dir='ltr' id='par_1_8' title="bbox 186 4309 1740 5185">
     <span class='ocr_line' id='line_1_28' title="bbox 189 4309 1736 4408; baseline 0.002 -26"><span class='ocrx_word' id='word_1_258' title='bbox 189 4311 258 4382; x_wconf 87' lang='lat' dir='ltr'>cesi</span> <span class='ocrx_word' id='word_1_259' title='bbox 275 4309 497 4405; x_wconf 84' lang='lat' dir='ltr'>Moguntina.</span> <span class='ocrx_word' id='word_1_260' title='bbox 516 4309 720 4405; x_wconf 89' lang='lat' dir='ltr'>Parentum,</span> <span class='ocrx_word' id='word_1_261' title='bbox 738 4312 836 4384; x_wconf 90' lang='lat' dir='ltr'>uberi</span> <span class='ocrx_word' id='word_1_262' title='bbox 856 4311 1022 4406; x_wconf 86' lang='lat' dir='ltr'>progenie</span> <span class='ocrx_word' id='word_1_263' title='bbox 1037 4312 1247 4407; x_wconf 91' lang='lat' dir='ltr'>florentium,</span> <span class='ocrx_word' id='word_1_264' title='bbox 1266 4313 1402 4387; x_wconf 89' lang='lat' dir='ltr'>decima</span> <span class='ocrx_word' id='word_1_265' title='bbox 1419 4312 1493 4386; x_wconf 89' lang='lat' dir='ltr'>lilia</span> <span class='ocrx_word' id='word_1_266' title='bbox 1509 4312 1589 4408; x_wconf 77' lang='lat' dir='ltr'>luit3</span> <span class='ocrx_word' id='word_1_267' title='bbox 1610 4341 1625 4378; x_wconf 79' lang='lat' dir='ltr'>r</span> <span class='ocrx_word' id='word_1_268' title='bbox 1643 4334 1736 4385; x_wconf 91' lang='lat' dir='ltr'>com·</span> 
     </span>
     <span class='ocr_line' id='line_1_29' title="bbox 189 4441 1736 4541; baseline 0.005 -31"><span class='ocrx_word' id='word_1_269' title='bbox 189 4441 287 4512; x_wconf 93' lang='lat' dir='ltr'>muni</span> <span class='ocrx_word' id='word_1_270' title='bbox 306 4441 489 4536; x_wconf 87' lang='lat' dir='ltr'>utriusque</span> <span class='ocrx_word' id='word_1_271' title='bbox 506 4449 540 4513; x_wconf 90' lang='lat' dir='ltr'>et</span> <span class='ocrx_word' id='word_1_272' title='bbox 557 4449 750 4538; x_wconf 88' lang='lat' dir='ltr'>spontanea</span> <span class='ocrx_word' id='word_1_273' title='bbox 767 4441 954 4536; x_wconf 84' lang='lat' dir='ltr'>oblatione,</span> <span class='ocrx_word' id='word_1_274' title='bbox 983 4443 1050 4540; x_wconf 86' lang='lat' dir='ltr'>ipsi</span> <span class='ocrx_word' id='word_1_275' title='bbox 1075 4442 1160 4536; x_wconf 92' lang='lat' dir='ltr'>Deo,</span> <span class='ocrx_word' id='word_1_276' title='bbox 1188 4445 1249 4540; x_wconf 89' lang='lat' dir='ltr'>qui</span> <span class='ocrx_word' id='word_1_277' title='bbox 1267 4445 1419 4518; x_wconf 87' lang='lat' dir='ltr'>decimas</span> <span class='ocrx_word' id='word_1_278' title='bbox 1443 4444 1510 4518; x_wconf 89' lang='lat' dir='ltr'>sibi</span> <span class='ocrx_word' id='word_1_279' title='bbox 1527 4445 1564 4518; x_wconf 95' lang='lat' dir='ltr'>in</span> <span class='ocrx_word' id='word_1_280' title='bbox 1585 4444 1663 4541; x_wconf 84' lang='lat' dir='ltr'>lege</span> <span class='ocrx_word' id='word_1_281' title='bbox 1685 4443 1736 4517; x_wconf 85' lang='lat' dir='ltr'>ol-</span> 
     </span>
     <span class='ocr_line' id='line_1_30' title="bbox 189 4566 1736 4670; baseline 0.005 -33"><span class='ocrx_word' id='word_1_282' title='bbox 189 4566 272 4640; x_wconf 83' lang='lat' dir='ltr'>ierri</span> <span class='ocrx_word' id='word_1_283' title='bbox 298 4568 492 4658; x_wconf 87' lang='lat' dir='ltr'>mandarit,</span> <span class='ocrx_word' id='word_1_284' title='bbox 519 4578 737 4664; x_wconf 90' lang='lat' dir='ltr'>sequestrata</span> <span class='ocrx_word' id='word_1_285' title='bbox 763 4569 846 4666; x_wconf 85' lang='lat' dir='ltr'>(oid.</span> <span class='ocrx_word' id='word_1_286' title='bbox 866 4596 906 4664; x_wconf 78' lang='lat' dir='ltr'>p.</span> <span class='ocrx_word' id='word_1_287' title='bbox 929 4575 1031 4670; x_wconf 77' lang='lat'><em>408).</em></span> <span class='ocrx_word' id='word_1_288' title='bbox 1057 4603 1071 4638; x_wconf 86' lang='lat'><strong>»</strong></span> <span class='ocrx_word' id='word_1_289' title='bbox 1093 4571 1190 4645; x_wconf 88' lang='lat' dir='ltr'>Inter</span> <span class='ocrx_word' id='word_1_290' title='bbox 1208 4574 1282 4669; x_wconf 91' lang='lat' dir='ltr'>ejus</span> <span class='ocrx_word' id='word_1_291' title='bbox 1298 4574 1425 4647; x_wconf 87' lang='lat' dir='ltr'>fratrea</span> <span class='ocrx_word' id='word_1_292' title='bbox 1450 4574 1620 4646; x_wconf 88' lang='lat' dir='ltr'>hactenus</span> <span class='ocrx_word' id='word_1_293' title='bbox 1636 4575 1736 4669; x_wconf 85' lang='lat' dir='ltr'>igno·</span> 
     </span>
     <span class='ocr_line' id='line_1_31' title="bbox 187 4699 1740 4796; baseline 0.001 -26"><span class='ocrx_word' id='word_1_294' title='bbox 187 4705 252 4790; x_wconf 87' lang='lat' dir='ltr'>tos,</span> <span class='ocrx_word' id='word_1_295' title='bbox 275 4699 350 4794; x_wconf 88' lang='lat' dir='ltr'>jam</span> <span class='ocrx_word' id='word_1_296' title='bbox 376 4723 471 4770; x_wconf 92' lang='lat' dir='ltr'>nuno</span> <span class='ocrx_word' id='word_1_297' title='bbox 488 4699 558 4772; x_wconf 94' lang='lat' dir='ltr'>duo</span> <span class='ocrx_word' id='word_1_298' title='bbox 585 4701 817 4790; x_wconf 89' lang='lat' dir='ltr'>innotescunt,</span> <span class='ocrx_word' id='word_1_299' title='bbox 846 4725 994 4796; x_wconf 92' lang='lat' dir='ltr'>quorum</span> <span class='ocrx_word' id='word_1_300' title='bbox 1021 4725 1112 4775; x_wconf 83' lang='lat' dir='ltr'>unus</span> <span class='ocrx_word' id='word_1_301' title='bbox 1137 4701 1205 4776; x_wconf 87' lang='lat' dir='ltr'>fuit</span> <span class='ocrx_word' id='word_1_302' title='bbox 1230 4703 1266 4775; x_wconf 92' lang='lat' dir='ltr'>in</span> <span class='ocrx_word' id='word_1_303' title='bbox 1293 4711 1412 4775; x_wconf 89' lang='lat' dir='ltr'>monte</span> <span class='ocrx_word' id='word_1_304' title='bbox 1429 4702 1464 4774; x_wconf 87' lang='lat' dir='ltr'>S.</span> <span class='ocrx_word' id='word_1_305' title='bbox 1487 4699 1645 4773; x_wconf 92' lang='lat' dir='ltr'>Disibodi</span> <span class='ocrx_word' id='word_1_306' title='bbox 1663 4722 1740 4772; x_wconf 63' lang='lat' dir='ltr'>mo·r</span> 
     </span>
     <span class='ocr_line' id='line_1_32' title="bbox 186 4819 1737 4923; baseline 0.003 -29"><span class='ocrx_word' id='word_1_307' title='bbox 186 4819 323 4894; x_wconf 90' lang='lat' dir='ltr'>nachus</span> <span class='ocrx_word' id='word_1_308' title='bbox 348 4819 399 4917; x_wconf 90' lang='lat' dir='ltr'>(p.</span> <span class='ocrx_word' id='word_1_309' title='bbox 429 4823 524 4916; x_wconf 81' lang='lat'>578),</span> <span class='ocrx_word' id='word_1_310' title='bbox 553 4823 652 4914; x_wconf 88' lang='lat' dir='ltr'>alter,</span> <span class='ocrx_word' id='word_1_311' title='bbox 680 4823 788 4921; x_wconf 83' lang='lat' dir='ltr'>Hugo</span> <span class='ocrx_word' id='word_1_312' title='bbox 814 4827 965 4916; x_wconf 88' lang='lat' dir='ltr'>nomine,</span> <span class='ocrx_word' id='word_1_313' title='bbox 994 4835 1116 4900; x_wconf 86' lang='lat' dir='ltr'>cantor</span> <span class='ocrx_word' id='word_1_314' title='bbox 1142 4830 1178 4900; x_wconf 95' lang='lat' dir='ltr'>in</span> <span class='ocrx_word' id='word_1_315' title='bbox 1205 4828 1350 4901; x_wconf 89' lang='lat' dir='ltr'>ecclesia</span> <span class='ocrx_word' id='word_1_316' title='bbox 1373 4825 1567 4901; x_wconf 86' lang='lat' dir='ltr'>cathedrali</span> <span class='ocrx_word' id='word_1_317' title='bbox 1588 4825 1737 4923; x_wconf 82' lang='lat' dir='ltr'>Mogon-</span> 
     </span>
     <span class='ocr_line' id='line_1_33' title="bbox 190 4949 1739 5060; baseline 0.01 -40"><span class='ocrx_word' id='word_1_318' title='bbox 190 4949 265 5024; x_wconf 91' lang='lat' dir='ltr'>tiua</span> <span class='ocrx_word' id='word_1_319' title='bbox 283 4952 333 5049; x_wconf 86' lang='lat' dir='ltr'>(p.</span> <span class='ocrx_word' id='word_1_320' title='bbox 355 4957 450 5048; x_wconf 81' lang='grc'><strong>519);</strong></span> <span class='ocrx_word' id='word_1_321' title='bbox 477 4956 604 5050; x_wconf 92' lang='lat' dir='ltr'>quibus</span> <span class='ocrx_word' id='word_1_322' title='bbox 621 4959 770 5031; x_wconf 87' lang='lat' dir='ltr'>addendi</span> <span class='ocrx_word' id='word_1_323' title='bbox 791 4969 872 5032; x_wconf 88' lang='lat' dir='ltr'>sunt</span> <span class='ocrx_word' id='word_1_324' title='bbox 898 4961 968 5034; x_wconf 94' lang='lat' dir='ltr'>duo</span> <span class='ocrx_word' id='word_1_325' title='bbox 994 4971 1146 5058; x_wconf 90' lang='lat' dir='ltr'>nepotes,</span> <span class='ocrx_word' id='word_1_326' title='bbox 1173 4960 1370 5036; x_wconf 90' lang='lat' dir='ltr'>Wicelinus</span> <span class='ocrx_word' id='word_1_327' title='bbox 1396 4963 1613 5036; x_wconf 84' lang='lat' dir='ltr'>Coloniensis</span> <span class='ocrx_word' id='word_1_328' title='bbox 1639 4987 1739 5060; x_wconf 88' lang='lat' dir='ltr'>praa-</span> 
     </span>
     <span class='ocr_line' id='line_1_34' title="bbox 189 5081 997 5185; baseline 0.012 -33"><span class='ocrx_word' id='word_1_329' title='bbox 189 5081 323 5172; x_wconf 86' lang='lat' dir='ltr'>positus</span> <span class='ocrx_word' id='word_1_330' title='bbox 340 5089 375 5154; x_wconf 88' lang='lat' dir='ltr'>et</span> <span class='ocrx_word' id='word_1_331' title='bbox 392 5081 608 5158; x_wconf 83' lang='lat' dir='ltr'>Gillebertus</span> <span class='ocrx_word' id='word_1_332' title='bbox 624 5089 813 5160; x_wconf 84' lang='lat' dir='ltr'>canonicus</span> <span class='ocrx_word' id='word_1_333' title='bbox 830 5088 880 5185; x_wconf 85' lang='lat' dir='ltr'>(p.</span> <span class='ocrx_word' id='word_1_334' title='bbox 902 5093 997 5184; x_wconf 87' lang='grc'><strong>581).</strong></span> 
     </span>
    </p>

    <p class='ocr_par' dir='ltr' id='par_1_9' title="bbox 240 5207 1739 5314">
     <span class='ocr_line' id='line_1_35' title="bbox 240 5207 1739 5314; baseline 0.008 -38"><span class='ocrx_word' id='word_1_335' title='bbox 240 5207 358 5301; x_wconf 74' lang='lat' dir='ltr'>Atque</span> <span class='ocrx_word' id='word_1_336' title='bbox 387 5209 481 5282; x_wconf 87' lang='lat' dir='ltr'>intra</span> <span class='ocrx_word' id='word_1_337' title='bbox 509 5220 677 5306; x_wconf 80' lang='lat' dir='ltr'>paternae</span> <span class='ocrx_word' id='word_1_338' title='bbox 703 5215 825 5287; x_wconf 93' lang='lat' dir='ltr'>domus</span> <span class='ocrx_word' id='word_1_339' title='bbox 851 5218 1056 5311; x_wconf 88' lang='lat' dir='ltr'>penetralia.</span> <span class='ocrx_word' id='word_1_340' title='bbox 1085 5219 1252 5291; x_wconf 86' lang='lat' dir='ltr'>innocens</span> <span class='ocrx_word' id='word_1_341' title='bbox 1270 5218 1389 5314; x_wconf 86' lang='lat' dir='ltr'>puella</span> <span class='ocrx_word' id='word_1_342' title='bbox 1414 5226 1486 5290; x_wconf 85' lang='lat' dir='ltr'>lam</span> <span class='ocrx_word' id='word_1_343' title='bbox 1514 5224 1739 5313; x_wconf 87' lang='lat' dir='ltr'>praematuro</span> 
     </span>
    </p>
   </div>
   <div class='ocr_carea' id='block_1_7' title="bbox 0 0 2004 6100">
    <p class='ocr_par' dir='ltr' id='par_1_10' title="bbox 0 0 2004 6100">
     <span class='ocr_line' id='line_1_36' title="bbox 0 0 2004 6100; baseline 0 0"><span class='ocrx_word' id='word_1_344' title='bbox 0 0 2004 6100; x_wconf 95' lang='lat' dir='ltr'> </span> 
     </span>
    </p>
   </div>
  </div>
 </body>
</html>
