<?xml version="1.0" encoding="UTF-8"?>
<!DOCTYPE html PUBLIC "-//W3C//DTD XHTML 1.0 Transitional//EN"
    "http://www.w3.org/TR/xhtml1/DTD/xhtml1-transitional.dtd">
<html xmlns="http://www.w3.org/1999/xhtml" xml:lang="en" lang="en">
 <head>
  <title>
</title>
<meta http-equiv="Content-Type" content="text/html;charset=utf-8" />
  <meta name='ocr-system' content='tesseract 3.04.00' />
  <meta name='ocr-capabilities' content='ocr_page ocr_carea ocr_par ocr_line ocrx_word'/>
</head>
<body>
  <div class='ocr_page' id='page_1' title='image "analectasacrasp04pitrgoog_0108.png"; bbox 0 0 3992 6092; ppageno 0'>
   <div class='ocr_carea' id='block_1_1' title="bbox 700 574 1699 646">
    <p class='ocr_par' dir='ltr' id='par_1_1' title="bbox 700 574 1699 646">
     <span class='ocr_line' id='line_1_1' title="bbox 700 574 1699 646; baseline -0.006 0"><span class='ocrx_word' id='word_1_1' title='bbox 700 595 821 646; x_wconf 77' lang='lat' dir='ltr'><strong>crees</strong></span> <span class='ocrx_word' id='word_1_2' title='bbox 850 594 953 644; x_wconf 78' lang='lat' dir='ltr'><strong>vrrre</strong></span> <span class='ocrx_word' id='word_1_3' title='bbox 981 593 1224 645; x_wconf 82' lang='lat' dir='ltr'><strong>usnrronuv</strong></span> <span class='ocrx_word' id='word_1_4' title='bbox 1657 574 1699 640; x_wconf 78' lang='lat' dir='ltr'><strong>b&#39;l</strong></span> 
     </span>
    </p>
   </div>
   <div class='ocr_carea' id='block_1_2' title="bbox 174 710 1732 2138">
    <p class='ocr_par' dir='ltr' id='par_1_2' title="bbox 177 710 1732 1713">
     <span class='ocr_line' id='line_1_2' title="bbox 180 710 1732 797; baseline -0.005 -15"><span class='ocrx_word' id='word_1_5' title='bbox 180 737 200 782; x_wconf 77' lang='lat' dir='ltr'><strong>s</strong></span> <span class='ocrx_word' id='word_1_6' title='bbox 219 727 254 786; x_wconf 89' lang='lat' dir='ltr'><strong>et</strong></span> <span class='ocrx_word' id='word_1_7' title='bbox 270 717 459 784; x_wconf 78' lang='lat' dir='ltr'><strong>mercedem</strong></span> <span class='ocrx_word' id='word_1_8' title='bbox 475 713 549 797; x_wconf 76' lang='lat' dir='ltr'><strong>eius</strong></span> <span class='ocrx_word' id='word_1_9' title='bbox 566 715 720 795; x_wconf 79' lang='lat' dir='ltr'><strong>recipies,</strong></span> <span class='ocrx_word' id='word_1_10' title='bbox 737 717 781 778; x_wconf 90' lang='lat' dir='ltr'><strong>iis</strong></span> <span class='ocrx_word' id='word_1_11' title='bbox 797 716 921 794; x_wconf 90' lang='lat' dir='ltr'><strong>quibus</strong></span> <span class='ocrx_word' id='word_1_12' title='bbox 938 713 1094 776; x_wconf 90' lang='lat' dir='ltr'><strong>omnibus</strong></span> <span class='ocrx_word' id='word_1_13' title='bbox 1110 730 1241 777; x_wconf 91' lang='lat' dir='ltr'><strong>omnem</strong></span> <span class='ocrx_word' id='word_1_14' title='bbox 1259 712 1418 775; x_wconf 86' lang='lat' dir='ltr'><strong>honorem</strong></span> <span class='ocrx_word' id='word_1_15' title='bbox 1435 717 1469 774; x_wconf 92' lang='lat' dir='ltr'><strong>et</strong></span> <span class='ocrx_word' id='word_1_16' title='bbox 1489 710 1732 775; x_wconf 81' lang='lat' dir='ltr'><strong>beatitudinem</strong></span> 
     </span>
     <span class='ocr_line' id='line_1_3' title="bbox 180 816 1729 897; baseline -0.006 -11"><span class='ocrx_word' id='word_1_17' title='bbox 180 839 200 886; x_wconf 69' lang='lat' dir='ltr'><strong>&#39;a</strong></span> <span class='ocrx_word' id='word_1_18' title='bbox 220 843 260 890; x_wconf 87' lang='lat' dir='ltr'><strong>ac</strong></span> <span class='ocrx_word' id='word_1_19' title='bbox 284 827 495 887; x_wconf 80' lang='lat' dir='ltr'><strong>honestatem</strong></span> <span class='ocrx_word' id='word_1_20' title='bbox 512 837 531 882; x_wconf 90' lang='lat' dir='ltr'><strong>a</strong></span> <span class='ocrx_word' id='word_1_21' title='bbox 547 827 581 881; x_wconf 92' lang='lat' dir='ltr'><strong>te</strong></span> <span class='ocrx_word' id='word_1_22' title='bbox 605 820 755 897; x_wconf 83' lang='lat' dir='ltr'><strong>expellis.</strong></span> <span class='ocrx_word' id='word_1_23' title='bbox 772 819 840 895; x_wconf 77' lang='lat' dir='ltr'><strong>Ego</strong></span> <span class='ocrx_word' id='word_1_24' title='bbox 865 824 977 879; x_wconf 90' lang='lat' dir='ltr'><strong>autem</strong></span> <span class='ocrx_word' id='word_1_25' title='bbox 995 819 1028 879; x_wconf 91' lang='lat' dir='ltr'><strong>in</strong></span> <span class='ocrx_word' id='word_1_26' title='bbox 1043 819 1200 879; x_wconf 89' lang='lat' dir='ltr'><strong>omnibus</strong></span> <span class='ocrx_word' id='word_1_27' title='bbox 1216 817 1282 878; x_wconf 91' lang='lat' dir='ltr'><strong>viis</strong></span> <span class='ocrx_word' id='word_1_28' title='bbox 1305 816 1438 878; x_wconf 83' lang='lat' dir='ltr'><strong>Domini</strong></span> <span class='ocrx_word' id='word_1_29' title='bbox 1462 818 1617 878; x_wconf 85' lang='lat' dir='ltr'><strong>columna</strong></span> <span class='ocrx_word' id='word_1_30' title='bbox 1642 831 1729 892; x_wconf 90' lang='lat' dir='ltr'><strong>sum,</strong></span> 
     </span>
     <span class='ocr_line' id='line_1_4' title="bbox 182 921 1732 1000; baseline -0.002 -12"><span class='ocrx_word' id='word_1_31' title='bbox 182 947 199 988; x_wconf 72' lang='lat' dir='ltr'><strong>a</strong></span> <span class='ocrx_word' id='word_1_32' title='bbox 217 935 253 990; x_wconf 91' lang='lat' dir='ltr'><strong>et</strong></span> <span class='ocrx_word' id='word_1_33' title='bbox 268 929 353 990; x_wconf 91' lang='lat' dir='ltr'><strong>bene</strong></span> <span class='ocrx_word' id='word_1_34' title='bbox 370 941 493 988; x_wconf 90' lang='lat' dir='ltr'><strong>sonans</strong></span> <span class='ocrx_word' id='word_1_35' title='bbox 509 924 590 984; x_wconf 90' lang='lat' dir='ltr'><strong>tuba</strong></span> <span class='ocrx_word' id='word_1_36' title='bbox 604 922 758 1000; x_wconf 84' lang='lat' dir='ltr'><strong>justitiae</strong></span> <span class='ocrx_word' id='word_1_37' title='bbox 773 921 833 984; x_wconf 88' lang='lat' dir='ltr'><strong>Dei</strong></span> <span class='ocrx_word' id='word_1_38' title='bbox 849 937 936 998; x_wconf 92' lang='lat' dir='ltr'><strong>sum,</strong></span> <span class='ocrx_word' id='word_1_39' title='bbox 954 938 994 984; x_wconf 91' lang='lat' dir='ltr'><strong>ac</strong></span> <span class='ocrx_word' id='word_1_40' title='bbox 1009 921 1122 982; x_wconf 91' lang='lat' dir='ltr'><strong>omnia</strong></span> <span class='ocrx_word' id='word_1_41' title='bbox 1138 937 1241 998; x_wconf 91' lang='lat' dir='ltr'><strong>opera</strong></span> <span class='ocrx_word' id='word_1_42' title='bbox 1257 921 1331 998; x_wconf 88' lang='lat' dir='ltr'><strong>ejus</strong></span> <span class='ocrx_word' id='word_1_43' title='bbox 1347 938 1434 998; x_wconf 90' lang='lat' dir='ltr'><strong>quae</strong></span> <span class='ocrx_word' id='word_1_44' title='bbox 1458 922 1536 998; x_wconf 90' lang='lat' dir='ltr'><strong>sint,</strong></span> <span class='ocrx_word' id='word_1_45' title='bbox 1553 929 1589 984; x_wconf 89' lang='lat' dir='ltr'><strong>et</strong></span> <span class='ocrx_word' id='word_1_46' title='bbox 1605 929 1732 999; x_wconf 91' lang='lat' dir='ltr'><strong>quanta</strong></span> 
     </span>
     <span class='ocr_line' id='line_1_5' title="bbox 180 1026 1728 1108; baseline -0.001 -15"><span class='ocrx_word' id='word_1_47' title='bbox 180 1052 197 1092; x_wconf 73' lang='lat' dir='ltr'><strong>s</strong></span> <span class='ocrx_word' id='word_1_48' title='bbox 217 1033 296 1108; x_wconf 88' lang='lat' dir='ltr'><strong>sint,</strong></span> <span class='ocrx_word' id='word_1_49' title='bbox 313 1032 500 1103; x_wconf 90' lang='lat' dir='ltr'><strong>dinumero,</strong></span> <span class='ocrx_word' id='word_1_50' title='bbox 518 1033 553 1088; x_wconf 91' lang='lat' dir='ltr'><strong>et</strong></span> <span class='ocrx_word' id='word_1_51' title='bbox 567 1042 607 1088; x_wconf 89' lang='lat' dir='ltr'><strong>ea</strong></span> <span class='ocrx_word' id='word_1_52' title='bbox 623 1028 658 1088; x_wconf 91' lang='lat' dir='ltr'><strong>in</strong></span> <span class='ocrx_word' id='word_1_53' title='bbox 674 1027 817 1087; x_wconf 88' lang='lat' dir='ltr'><strong>veritate</strong></span> <span class='ocrx_word' id='word_1_54' title='bbox 833 1027 985 1102; x_wconf 89' lang='lat' dir='ltr'><strong>ostendo,</strong></span> <span class='ocrx_word' id='word_1_55' title='bbox 1003 1031 1210 1104; x_wconf 88' lang='lat' dir='ltr'><strong>quapropter</strong></span> <span class='ocrx_word' id='word_1_56' title='bbox 1226 1026 1260 1086; x_wconf 91' lang='lat' dir='ltr'><strong>in</strong></span> <span class='ocrx_word' id='word_1_57' title='bbox 1275 1027 1402 1102; x_wconf 90' lang='lat' dir='ltr'><strong>palatio</strong></span> <span class='ocrx_word' id='word_1_58' title='bbox 1419 1028 1510 1103; x_wconf 79' lang='lat' dir='ltr'><strong>regis</strong></span> <span class='ocrx_word' id='word_1_59' title='bbox 1527 1043 1566 1088; x_wconf 91' lang='lat' dir='ltr'><strong>ac</strong></span> <span class='ocrx_word' id='word_1_60' title='bbox 1587 1029 1728 1092; x_wconf 88' lang='lat' dir='ltr'><strong>inomni</strong></span> 
     </span>
     <span class='ocr_line' id='line_1_6' title="bbox 180 1128 1727 1210; baseline -0.001 -14"><span class='ocrx_word' id='word_1_61' title='bbox 180 1135 343 1195; x_wconf 80' lang='lat' dir='ltr'><strong>»honore</strong></span> <span class='ocrx_word' id='word_1_62' title='bbox 366 1132 475 1210; x_wconf 90' lang='lat' dir='ltr'><strong>ipsius</strong></span> <span class='ocrx_word' id='word_1_63' title='bbox 499 1129 662 1192; x_wconf 88' lang='lat' dir='ltr'><strong>advocata</strong></span> <span class='ocrx_word' id='word_1_64' title='bbox 678 1145 764 1189; x_wconf 92' lang='lat' dir='ltr'><strong>sum.</strong></span> <span class='ocrx_word' id='word_1_65' title='bbox 789 1129 927 1190; x_wconf 88' lang='lat' dir='ltr'><strong>inaures</strong></span> <span class='ocrx_word' id='word_1_66' title='bbox 951 1144 1085 1206; x_wconf 91' lang='lat' dir='ltr'><strong>quoque</strong></span> <span class='ocrx_word' id='word_1_67' title='bbox 1108 1133 1143 1188; x_wconf 90' lang='lat' dir='ltr'><strong>et</strong></span> <span class='ocrx_word' id='word_1_68' title='bbox 1167 1128 1317 1188; x_wconf 88' lang='lat' dir='ltr'><strong>armillas</strong></span> <span class='ocrx_word' id='word_1_69' title='bbox 1340 1133 1450 1205; x_wconf 90' lang='lat' dir='ltr'><strong>porto,</strong></span> <span class='ocrx_word' id='word_1_70' title='bbox 1476 1135 1511 1190; x_wconf 90' lang='lat' dir='ltr'><strong>et</strong></span> <span class='ocrx_word' id='word_1_71' title='bbox 1534 1133 1727 1194; x_wconf 83' lang='lat' dir='ltr'><strong>coruscatio</strong></span> 
     </span>
     <span class='ocr_line' id='line_1_7' title="bbox 181 1231 1730 1310; baseline 0.003 -13"><span class='ocrx_word' id='word_1_72' title='bbox 181 1256 199 1297; x_wconf 72' lang='lat' dir='ltr'><strong>s</strong></span> <span class='ocrx_word' id='word_1_73' title='bbox 217 1239 327 1300; x_wconf 92' lang='lat' dir='ltr'><strong>omnis</strong></span> <span class='ocrx_word' id='word_1_74' title='bbox 350 1241 489 1297; x_wconf 87' lang='lat' dir='ltr'><strong>ornatus</strong></span> <span class='ocrx_word' id='word_1_75' title='bbox 503 1233 564 1294; x_wconf 88' lang='lat' dir='ltr'><strong>Dei</strong></span> <span class='ocrx_word' id='word_1_76' title='bbox 585 1248 672 1308; x_wconf 87' lang='lat' dir='ltr'><strong>sum,</strong></span> <span class='ocrx_word' id='word_1_77' title='bbox 688 1234 769 1310; x_wconf 84' lang='lat' dir='ltr'><strong>quia</strong></span> <span class='ocrx_word' id='word_1_78' title='bbox 784 1247 846 1310; x_wconf 90' lang='lat' dir='ltr'><strong>per</strong></span> <span class='ocrx_word' id='word_1_79' title='bbox 858 1232 1027 1308; x_wconf 87' lang='lat' dir='ltr'><strong>justitiam</strong></span> <span class='ocrx_word' id='word_1_80' title='bbox 1041 1231 1102 1292; x_wconf 90' lang='lat' dir='ltr'><strong>Dei</strong></span> <span class='ocrx_word' id='word_1_81' title='bbox 1117 1231 1296 1294; x_wconf 89' lang='lat' dir='ltr'><strong>veritatem</strong></span> <span class='ocrx_word' id='word_1_82' title='bbox 1312 1233 1442 1309; x_wconf 90' lang='lat' dir='ltr'><strong>loquor.</strong></span> <span class='ocrx_word' id='word_1_83' title='bbox 1460 1233 1521 1295; x_wconf 90' lang='lat' dir='ltr'><strong>Sed</strong></span> <span class='ocrx_word' id='word_1_84' title='bbox 1546 1243 1581 1298; x_wconf 90' lang='lat' dir='ltr'><strong>et</strong></span> <span class='ocrx_word' id='word_1_85' title='bbox 1597 1239 1730 1300; x_wconf 89' lang='lat' dir='ltr'><strong>coelum</strong></span> 
     </span>
     <span class='ocr_line' id='line_1_8' title="bbox 179 1337 1727 1420; baseline 0.001 -17"><span class='ocrx_word' id='word_1_86' title='bbox 179 1363 197 1402; x_wconf 74' lang='grc' dir='ltr'><strong><em>ι</em></strong></span> <span class='ocrx_word' id='word_1_87' title='bbox 216 1348 251 1403; x_wconf 86' lang='lat' dir='ltr'><strong>et</strong></span> <span class='ocrx_word' id='word_1_88' title='bbox 266 1347 358 1402; x_wconf 87' lang='lat' dir='ltr'><strong>terra</strong></span> <span class='ocrx_word' id='word_1_89' title='bbox 374 1355 414 1400; x_wconf 86' lang='lat' dir='ltr'><strong>ac</strong></span> <span class='ocrx_word' id='word_1_90' title='bbox 431 1338 582 1415; x_wconf 84' lang='lat' dir='ltr'><strong>reliquae</strong></span> <span class='ocrx_word' id='word_1_91' title='bbox 598 1342 786 1412; x_wconf 80' lang='lat' dir='ltr'><strong>creaturae,</strong></span> <span class='ocrx_word' id='word_1_92' title='bbox 802 1352 889 1414; x_wconf 90' lang='lat' dir='ltr'><strong>quae</strong></span> <span class='ocrx_word' id='word_1_93' title='bbox 905 1337 1038 1396; x_wconf 90' lang='lat' dir='ltr'><strong>viscera</strong></span> <span class='ocrx_word' id='word_1_94' title='bbox 1058 1352 1175 1397; x_wconf 91' lang='lat' dir='ltr'><strong>eorum</strong></span> <span class='ocrx_word' id='word_1_95' title='bbox 1191 1341 1281 1412; x_wconf 88' lang='lat' dir='ltr'><strong>sunt,</strong></span> <span class='ocrx_word' id='word_1_96' title='bbox 1298 1351 1437 1398; x_wconf 86' lang='lat' dir='ltr'><strong>veraces</strong></span> <span class='ocrx_word' id='word_1_97' title='bbox 1462 1345 1551 1414; x_wconf 89' lang='lat' dir='ltr'><strong>sunt;</strong></span> <span class='ocrx_word' id='word_1_98' title='bbox 1568 1347 1603 1402; x_wconf 86' lang='lat' dir='ltr'><strong>et</strong></span> <span class='ocrx_word' id='word_1_99' title='bbox 1619 1359 1727 1420; x_wconf 85' lang='lat' dir='ltr'><strong>aquae</strong></span> 
     </span>
     <span class='ocr_line' id='line_1_9' title="bbox 178 1439 1727 1524; baseline 0.002 -20"><span class='ocrx_word' id='word_1_100' title='bbox 178 1464 196 1504; x_wconf 73' lang='lat' dir='ltr'><strong>a</strong></span> <span class='ocrx_word' id='word_1_101' title='bbox 215 1461 302 1524; x_wconf 87' lang='lat' dir='ltr'><strong>quae</strong></span> <span class='ocrx_word' id='word_1_102' title='bbox 317 1443 412 1504; x_wconf 88' lang='lat' dir='ltr'><strong>coelo</strong></span> <span class='ocrx_word' id='word_1_103' title='bbox 435 1446 469 1502; x_wconf 89' lang='lat' dir='ltr'><strong>et</strong></span> <span class='ocrx_word' id='word_1_104' title='bbox 485 1447 597 1502; x_wconf 89' lang='lat' dir='ltr'><strong>terrae</strong></span> <span class='ocrx_word' id='word_1_105' title='bbox 613 1439 814 1515; x_wconf 87' lang='lat' dir='ltr'><strong>subduntur,</strong></span> <span class='ocrx_word' id='word_1_106' title='bbox 830 1440 990 1517; x_wconf 89' lang='lat' dir='ltr'><strong>quoniam</strong></span> <span class='ocrx_word' id='word_1_107' title='bbox 1011 1439 1132 1500; x_wconf 91' lang='lat' dir='ltr'><strong>humor</strong></span> <span class='ocrx_word' id='word_1_108' title='bbox 1147 1455 1264 1501; x_wconf 90' lang='lat' dir='ltr'><strong>eorum</strong></span> <span class='ocrx_word' id='word_1_109' title='bbox 1280 1448 1370 1516; x_wconf 92' lang='lat' dir='ltr'><strong>sunt,</strong></span> <span class='ocrx_word' id='word_1_110' title='bbox 1397 1442 1431 1502; x_wconf 91' lang='lat' dir='ltr'><strong>ln</strong></span> <span class='ocrx_word' id='word_1_111' title='bbox 1445 1443 1590 1504; x_wconf 90' lang='lat' dir='ltr'><strong>veritate</strong></span> <span class='ocrx_word' id='word_1_112' title='bbox 1612 1460 1727 1523; x_wconf 89' lang='lat' dir='ltr'><strong>perse·</strong></span> 
     </span>
     <span class='ocr_line' id='line_1_10' title="bbox 177 1543 1724 1621; baseline 0.001 -13"><span class='ocrx_word' id='word_1_113' title='bbox 177 1568 196 1608; x_wconf 75' lang='lat' dir='ltr'><strong>a</strong></span> <span class='ocrx_word' id='word_1_114' title='bbox 214 1553 343 1610; x_wconf 90' lang='lat' dir='ltr'><strong>verant.</strong></span> <span class='ocrx_word' id='word_1_115' title='bbox 361 1547 409 1608; x_wconf 78' lang='lat' dir='ltr'><strong>&#39;l&#39;u</strong></span> <span class='ocrx_word' id='word_1_116' title='bbox 433 1551 557 1620; x_wconf 88' lang='lat' dir='ltr'><strong>autem,</strong></span> <span class='ocrx_word' id='word_1_117' title='bbox 574 1561 594 1605; x_wconf 93' lang='lat' dir='ltr'><strong>o</strong></span> <span class='ocrx_word' id='word_1_118' title='bbox 618 1560 699 1621; x_wconf 89' lang='lat' dir='ltr'><strong>pars</strong></span> <span class='ocrx_word' id='word_1_119' title='bbox 714 1543 840 1620; x_wconf 89' lang='lat' dir='ltr'><strong>iniqua,</strong></span> <span class='ocrx_word' id='word_1_120' title='bbox 865 1543 1035 1620; x_wconf 90' lang='lat' dir='ltr'><strong>pessimus</strong></span> <span class='ocrx_word' id='word_1_121' title='bbox 1052 1545 1178 1603; x_wconf 91' lang='lat' dir='ltr'><strong>vermis</strong></span> <span class='ocrx_word' id='word_1_122' title='bbox 1194 1559 1243 1620; x_wconf 91' lang='lat' dir='ltr'><strong>es,</strong></span> <span class='ocrx_word' id='word_1_123' title='bbox 1262 1545 1348 1606; x_wconf 92' lang='lat' dir='ltr'><strong>unde</strong></span> <span class='ocrx_word' id='word_1_124' title='bbox 1364 1546 1453 1608; x_wconf 86' lang='lat' dir='ltr'><strong>sicut</strong></span> <span class='ocrx_word' id='word_1_125' title='bbox 1470 1546 1599 1609; x_wconf 82' lang='lat' dir='ltr'><strong>foetens</strong></span> <span class='ocrx_word' id='word_1_126' title='bbox 1616 1549 1724 1610; x_wconf 90' lang='lat' dir='ltr'><strong>lutum</strong></span> 
     </span>
     <span class='ocr_line' id='line_1_11' title="bbox 177 1649 516 1713; baseline -0.012 -3"><span class='ocrx_word' id='word_1_127' title='bbox 177 1671 196 1710; x_wconf 74' lang='lat' dir='ltr'><strong>a</strong></span> <span class='ocrx_word' id='word_1_128' title='bbox 216 1649 480 1713; x_wconf 87' lang='lat' dir='ltr'><strong>conculcaberis.</strong></span> <span class='ocrx_word' id='word_1_129' title='bbox 500 1666 516 1706; x_wconf 72' lang='lat' dir='ltr'><strong>a</strong></span> 
     </span>
    </p>

    <p class='ocr_par' dir='ltr' id='par_1_3' title="bbox 174 1749 1726 2138">
     <span class='ocr_line' id='line_1_12' title="bbox 222 1749 1724 1837; baseline 0.003 -21"><span class='ocrx_word' id='word_1_130' title='bbox 222 1755 276 1816; x_wconf 78' lang='lat' dir='ltr'><strong>tl.</strong></span> <span class='ocrx_word' id='word_1_131' title='bbox 301 1753 364 1814; x_wconf 86' lang='lat' dir='ltr'><strong>Sed</strong></span> <span class='ocrx_word' id='word_1_132' title='bbox 379 1756 413 1813; x_wconf 90' lang='lat' dir='ltr'><strong>et</strong></span> <span class='ocrx_word' id='word_1_133' title='bbox 429 1751 547 1830; x_wconf 90' lang='lat' dir='ltr'><strong>quinta</strong></span> <span class='ocrx_word' id='word_1_134' title='bbox 561 1750 673 1826; x_wconf 77' lang='lat' dir='ltr'><strong>imago</strong></span> <span class='ocrx_word' id='word_1_135' title='bbox 690 1749 724 1810; x_wconf 90' lang='lat' dir='ltr'><strong>in</strong></span> <span class='ocrx_word' id='word_1_136' title='bbox 740 1750 848 1811; x_wconf 81' lang='lat' dir='ltr'><strong>forma</strong></span> <span class='ocrx_word' id='word_1_137' title='bbox 871 1749 1017 1811; x_wconf 89' lang='lat' dir='ltr'><strong>hominis</strong></span> <span class='ocrx_word' id='word_1_138' title='bbox 1034 1751 1202 1828; x_wconf 89' lang='lat' dir='ltr'><strong>apparuit,</strong></span> <span class='ocrx_word' id='word_1_139' title='bbox 1219 1756 1253 1811; x_wconf 91' lang='lat' dir='ltr'><strong>et</strong></span> <span class='ocrx_word' id='word_1_140' title='bbox 1276 1753 1409 1830; x_wconf 90' lang='lat' dir='ltr'><strong>crispos</strong></span> <span class='ocrx_word' id='word_1_141' title='bbox 1425 1771 1465 1815; x_wconf 89' lang='lat' dir='ltr'><strong>ac</strong></span> <span class='ocrx_word' id='word_1_142' title='bbox 1481 1755 1596 1834; x_wconf 79' lang='lat' dir='ltr'><strong>nigros</strong></span> <span class='ocrx_word' id='word_1_143' title='bbox 1619 1758 1724 1837; x_wconf 88' lang='lat' dir='ltr'><strong>capil-</strong></span> 
     </span>
     <span class='ocr_line' id='line_1_13' title="bbox 175 1853 1726 1937; baseline 0.003 -18"><span class='ocrx_word' id='word_1_144' title='bbox 175 1859 230 1919; x_wconf 90' lang='lat' dir='ltr'><strong>los</strong></span> <span class='ocrx_word' id='word_1_145' title='bbox 246 1856 403 1931; x_wconf 84' lang='lat' dir='ltr'><strong>habebat,</strong></span> <span class='ocrx_word' id='word_1_146' title='bbox 421 1871 461 1917; x_wconf 88' lang='lat' dir='ltr'><strong>ac</strong></span> <span class='ocrx_word' id='word_1_147' title='bbox 478 1855 598 1916; x_wconf 89' lang='lat' dir='ltr'><strong>laciem</strong></span> <span class='ocrx_word' id='word_1_148' title='bbox 615 1855 757 1930; x_wconf 77' lang='lat' dir='ltr'><strong>igneam.</strong></span> <span class='ocrx_word' id='word_1_149' title='bbox 776 1853 889 1931; x_wconf 89' lang='lat' dir='ltr'><strong>Cappa</strong></span> <span class='ocrx_word' id='word_1_150' title='bbox 905 1858 1019 1914; x_wconf 90' lang='lat' dir='ltr'><strong>autem</strong></span> <span class='ocrx_word' id='word_1_151' title='bbox 1034 1853 1121 1914; x_wconf 89' lang='lat' dir='ltr'><strong>varii</strong></span> <span class='ocrx_word' id='word_1_152' title='bbox 1137 1855 1260 1916; x_wconf 88' lang='lat' dir='ltr'><strong>coloris</strong></span> <span class='ocrx_word' id='word_1_153' title='bbox 1278 1856 1392 1918; x_wconf 89' lang='lat' dir='ltr'><strong>induta</strong></span> <span class='ocrx_word' id='word_1_154' title='bbox 1404 1865 1489 1934; x_wconf 90' lang='lat' dir='ltr'><strong>erat,</strong></span> <span class='ocrx_word' id='word_1_155' title='bbox 1507 1876 1594 1937; x_wconf 90' lang='lat' dir='ltr'><strong>quae</strong></span> <span class='ocrx_word' id='word_1_156' title='bbox 1607 1862 1648 1924; x_wconf 87' lang='lat' dir='ltr'><strong>ad</strong></span> <span class='ocrx_word' id='word_1_157' title='bbox 1665 1862 1726 1924; x_wconf 89' lang='lat' dir='ltr'><strong>hu-</strong></span> 
     </span>
     <span class='ocr_line' id='line_1_14' title="bbox 174 1955 1723 2039; baseline 0.005 -18"><span class='ocrx_word' id='word_1_158' title='bbox 174 1976 289 2021; x_wconf 91' lang='lat' dir='ltr'><strong>meros</strong></span> <span class='ocrx_word' id='word_1_159' title='bbox 305 1959 470 2021; x_wconf 83' lang='lat' dir='ltr'><strong>foramina</strong></span> <span class='ocrx_word' id='word_1_160' title='bbox 486 1957 643 2032; x_wconf 89' lang='lat' dir='ltr'><strong>habebat,</strong></span> <span class='ocrx_word' id='word_1_161' title='bbox 660 1971 721 2034; x_wconf 89' lang='lat' dir='ltr'><strong>per</strong></span> <span class='ocrx_word' id='word_1_162' title='bbox 736 1973 823 2035; x_wconf 91' lang='lat' dir='ltr'><strong>quae</strong></span> <span class='ocrx_word' id='word_1_163' title='bbox 839 1955 979 2019; x_wconf 87' lang='lat' dir='ltr'><strong>brachia</strong></span> <span class='ocrx_word' id='word_1_164' title='bbox 995 1974 1057 2018; x_wconf 84' lang='lat' dir='ltr'><strong>sua</strong></span> <span class='ocrx_word' id='word_1_165' title='bbox 1071 1958 1277 2036; x_wconf 84' lang='lat' dir='ltr'><strong>extenderat,</strong></span> <span class='ocrx_word' id='word_1_166' title='bbox 1295 1960 1343 2022; x_wconf 88' lang='lat' dir='ltr'><strong>ita</strong></span> <span class='ocrx_word' id='word_1_167' title='bbox 1359 1961 1449 2039; x_wconf 90' lang='lat' dir='ltr'><strong>quod</strong></span> <span class='ocrx_word' id='word_1_168' title='bbox 1465 1965 1567 2026; x_wconf 89' lang='lat' dir='ltr'><strong>etiam</strong></span> <span class='ocrx_word' id='word_1_169' title='bbox 1583 1967 1723 2030; x_wconf 89' lang='lat' dir='ltr'><strong>sinistro</strong></span> 
     </span>
     <span class='ocr_line' id='line_1_15' title="bbox 175 2059 1724 2138; baseline 0.006 -15"><span class='ocrx_word' id='word_1_170' title='bbox 175 2061 317 2123; x_wconf 88' lang='lat' dir='ltr'><strong>brachio</strong></span> <span class='ocrx_word' id='word_1_171' title='bbox 335 2061 481 2122; x_wconf 87' lang='lat' dir='ltr'><strong>securim</strong></span> <span class='ocrx_word' id='word_1_172' title='bbox 496 2059 642 2134; x_wconf 84' lang='lat' dir='ltr'><strong>tenebat,</strong></span> <span class='ocrx_word' id='word_1_173' title='bbox 660 2074 761 2136; x_wconf 90' lang='lat' dir='ltr'><strong>quam</strong></span> <span class='ocrx_word' id='word_1_174' title='bbox 779 2059 820 2120; x_wconf 90' lang='lat' dir='ltr'><strong>ad</strong></span> <span class='ocrx_word' id='word_1_175' title='bbox 838 2073 875 2119; x_wconf 89' lang='lat' dir='ltr'><strong>se</strong></span> <span class='ocrx_word' id='word_1_176' title='bbox 891 2059 1148 2135; x_wconf 85' lang='lat' dir='ltr'><strong>constrinxerat,</strong></span> <span class='ocrx_word' id='word_1_177' title='bbox 1167 2061 1201 2122; x_wconf 90' lang='lat' dir='ltr'><strong>in</strong></span> <span class='ocrx_word' id='word_1_178' title='bbox 1216 2061 1313 2138; x_wconf 76' lang='lat' dir='ltr'><strong>quus</strong></span> <span class='ocrx_word' id='word_1_179' title='bbox 1330 2064 1402 2123; x_wconf 88' lang='lat' dir='ltr'><strong>acie</strong></span> <span class='ocrx_word' id='word_1_180' title='bbox 1418 2080 1537 2127; x_wconf 84' lang='lat' dir='ltr'><strong>manus</strong></span> <span class='ocrx_word' id='word_1_181' title='bbox 1554 2085 1634 2131; x_wconf 85' lang='lat' dir='ltr'><strong>suas</strong></span> <span class='ocrx_word' id='word_1_182' title='bbox 1651 2087 1724 2132; x_wconf 90' lang='lat' dir='ltr'><strong>sae-</strong></span> 
     </span>
    </p>
   </div>
   <div class='ocr_carea' id='block_1_3' title="bbox 170 2158 1721 2364">
    <p class='ocr_par' dir='ltr' id='par_1_4' title="bbox 170 2158 1721 2364">
     <span class='ocr_line' id='line_1_16' title="bbox 170 2158 1721 2268; baseline 0.007 -43"><span class='ocrx_word' id='word_1_183' title='bbox 170 2166 251 2244; x_wconf 87' lang='lat' dir='ltr'><strong>pius</strong></span> <span class='ocrx_word' id='word_1_184' title='bbox 274 2165 338 2226; x_wconf 93' lang='lat' dir='ltr'><strong>hoc</strong></span> <span class='ocrx_word' id='word_1_185' title='bbox 354 2164 452 2228; x_wconf 91' lang='lat' dir='ltr'><strong>modo</strong></span> <span class='ocrx_word' id='word_1_186' title='bbox 476 2164 714 2224; x_wconf 86' lang='lat' dir='ltr'><strong>vulneraverat</strong></span> <span class='ocrx_word' id='word_1_187' title='bbox 728 2158 764 2243; x_wconf 88' lang='lat'><strong>¹),</strong></span> <span class='ocrx_word' id='word_1_188' title='bbox 789 2178 867 2223; x_wconf 89' lang='lat' dir='ltr'><strong>cum</strong></span> <span class='ocrx_word' id='word_1_189' title='bbox 890 2179 949 2224; x_wconf 89' lang='lat' dir='ltr'><strong>eas</strong></span> <span class='ocrx_word' id='word_1_190' title='bbox 974 2163 1023 2224; x_wconf 89' lang='lat' dir='ltr'><strong>illi</strong></span> <span class='ocrx_word' id='word_1_191' title='bbox 1046 2179 1128 2240; x_wconf 89' lang='lat' dir='ltr'><strong>prae</strong></span> <span class='ocrx_word' id='word_1_192' title='bbox 1153 2164 1266 2226; x_wconf 87' lang='lat' dir='ltr'><strong>lurore</strong></span> <span class='ocrx_word' id='word_1_193' title='bbox 1290 2167 1415 2244; x_wconf 86' lang='lat' dir='ltr'><strong>injecit,</strong></span> <span class='ocrx_word' id='word_1_194' title='bbox 1435 2169 1482 2231; x_wconf 89' lang='lat' dir='ltr'><strong>ita</strong></span> <span class='ocrx_word' id='word_1_195' title='bbox 1505 2173 1721 2268; x_wconf 71' lang='lat' dir='ltr'><strong>quodetiam</strong></span> 
     </span>
     <span class='ocr_line' id='line_1_17' title="bbox 172 2266 974 2364; baseline -0.005 -34"><span class='ocrx_word' id='word_1_196' title='bbox 172 2269 339 2346; x_wconf 71' lang='lat' dir='ltr'><strong>sanguine</strong></span> <span class='ocrx_word' id='word_1_197' title='bbox 354 2283 472 2328; x_wconf 89' lang='lat' dir='ltr'><strong>earum</strong></span> <span class='ocrx_word' id='word_1_198' title='bbox 488 2267 598 2344; x_wconf 85' lang='lat' dir='ltr'><strong>ipsam</strong></span> <span class='ocrx_word' id='word_1_199' title='bbox 613 2273 744 2327; x_wconf 84' lang='lat' dir='ltr'><strong>vestem</strong></span> <span class='ocrx_word' id='word_1_200' title='bbox 759 2266 918 2344; x_wconf 81' lang='lat' dir='ltr'><strong>pertudit.</strong></span> <span class='ocrx_word' id='word_1_201' title='bbox 973 2359 974 2364; x_wconf 5' lang='grc' dir='ltr'>ἵ</span> 
     </span>
    </p>
   </div>
   <div class='ocr_carea' id='block_1_4' title="bbox 900 2473 997 2536">
    <p class='ocr_par' dir='ltr' id='par_1_5' title="bbox 900 2473 997 2536">
     <span class='ocr_line' id='line_1_18' title="bbox 900 2473 997 2536; baseline 0.021 -2"><span class='ocrx_word' id='word_1_202' title='bbox 900 2473 997 2536; x_wconf 88' lang='lat' dir='ltr'><strong>vl111.</strong></span> 
     </span>
    </p>
   </div>
   <div class='ocr_carea' id='block_1_5' title="bbox 772 2685 1125 2751">
    <p class='ocr_par' dir='ltr' id='par_1_6' title="bbox 772 2685 1125 2751">
     <span class='ocr_line' id='line_1_19' title="bbox 772 2685 1125 2751; baseline 0.003 -1"><span class='ocrx_word' id='word_1_203' title='bbox 772 2685 873 2750; x_wconf 80' lang='lat' dir='ltr'><strong>verba</strong></span> <span class='ocrx_word' id='word_1_204' title='bbox 896 2691 1125 2751; x_wconf 77' lang='lat' dir='ltr'><strong>contentionis.</strong></span> 
     </span>
    </p>
   </div>
   <div class='ocr_carea' id='block_1_6' title="bbox 168 2895 1717 3599">
    <p class='ocr_par' dir='ltr' id='par_1_7' title="bbox 168 2895 1717 3599">
     <span class='ocr_line' id='line_1_20' title="bbox 215 2895 1717 2988; baseline 0.007 -26"><span class='ocrx_word' id='word_1_205' title='bbox 215 2899 270 2964; x_wconf 80' lang='lat' dir='ltr'><strong>le.</strong></span> <span class='ocrx_word' id='word_1_206' title='bbox 294 2900 334 2961; x_wconf 83' lang='lat' dir='ltr'><strong>Et</strong></span> <span class='ocrx_word' id='word_1_207' title='bbox 353 2899 497 2960; x_wconf 85' lang='lat' dir='ltr'><strong>dicebat:</strong></span> <span class='ocrx_word' id='word_1_208' title='bbox 524 2896 771 2958; x_wconf 75' lang='lat' dir='ltr'><strong>«Nimietatem</strong></span> <span class='ocrx_word' id='word_1_209' title='bbox 796 2895 889 2957; x_wconf 89' lang='lat' dir='ltr'><strong>illam</strong></span> <span class='ocrx_word' id='word_1_210' title='bbox 913 2913 975 2958; x_wconf 89' lang='lat' dir='ltr'><strong>neo</strong></span> <span class='ocrx_word' id='word_1_211' title='bbox 998 2898 1178 2975; x_wconf 91' lang='lat' dir='ltr'><strong>sustinere,</strong></span> <span class='ocrx_word' id='word_1_212' title='bbox 1202 2915 1263 2960; x_wconf 91' lang='lat' dir='ltr'><strong>nec</strong></span> <span class='ocrx_word' id='word_1_213' title='bbox 1287 2899 1430 2964; x_wconf 87' lang='lat' dir='ltr'><strong>sullerre</strong></span> <span class='ocrx_word' id='word_1_214' title='bbox 1452 2921 1603 2985; x_wconf 90' lang='lat' dir='ltr'><strong>possum,</strong></span> <span class='ocrx_word' id='word_1_215' title='bbox 1628 2910 1717 2988; x_wconf 89' lang='lat' dir='ltr'><strong>quod</strong></span> 
     </span>
     <span class='ocr_line' id='line_1_21' title="bbox 169 2999 1717 3082; baseline 0.009 -20"><span class='ocrx_word' id='word_1_216' title='bbox 169 3001 442 3081; x_wconf 59' lang='lat' dir='ltr'><strong>§unusquisque</strong></span> <span class='ocrx_word' id='word_1_217' title='bbox 465 2999 606 3078; x_wconf 89' lang='lat' dir='ltr'><strong>pallium</strong></span> <span class='ocrx_word' id='word_1_218' title='bbox 629 3015 729 3060; x_wconf 84' lang='lat' dir='ltr'><strong>auum</strong></span> <span class='ocrx_word' id='word_1_219' title='bbox 751 3000 910 3076; x_wconf 83' lang='lat' dir='ltr'><strong>excutiat,</strong></span> <span class='ocrx_word' id='word_1_220' title='bbox 937 3006 971 3060; x_wconf 87' lang='lat' dir='ltr'><strong>et</strong></span> <span class='ocrx_word' id='word_1_221' title='bbox 987 3017 1063 3062; x_wconf 89' lang='lat' dir='ltr'><strong>curn</strong></span> <span class='ocrx_word' id='word_1_222' title='bbox 1088 3001 1145 3063; x_wconf 90' lang='lat' dir='ltr'><strong>illo</strong></span> <span class='ocrx_word' id='word_1_223' title='bbox 1170 3019 1222 3063; x_wconf 91' lang='lat' dir='ltr'><strong>me</strong></span> <span class='ocrx_word' id='word_1_224' title='bbox 1246 3013 1373 3082; x_wconf 90' lang='lat' dir='ltr'><strong>oneret,</strong></span> <span class='ocrx_word' id='word_1_225' title='bbox 1398 3009 1488 3070; x_wconf 89' lang='lat' dir='ltr'><strong>sicut</strong></span> <span class='ocrx_word' id='word_1_226' title='bbox 1511 3013 1616 3074; x_wconf 90' lang='lat' dir='ltr'><strong>asella</strong></span> <span class='ocrx_word' id='word_1_227' title='bbox 1640 3031 1717 3077; x_wconf 91' lang='lat' dir='ltr'><strong>cum</strong></span> 
     </span>
     <span class='ocr_line' id='line_1_22' title="bbox 168 3103 1715 3192; baseline 0.008 -26"><span class='ocrx_word' id='word_1_228' title='bbox 168 3125 188 3166; x_wconf 76' lang='lat' dir='ltr'><strong>a</strong></span> <span class='ocrx_word' id='word_1_229' title='bbox 205 3123 306 3168; x_wconf 89' lang='lat' dir='ltr'><strong>sacco</strong></span> <span class='ocrx_word' id='word_1_230' title='bbox 329 3111 500 3179; x_wconf 89' lang='lat' dir='ltr'><strong>oneratur,</strong></span> <span class='ocrx_word' id='word_1_231' title='bbox 525 3119 627 3182; x_wconf 87' lang='lat' dir='ltr'><strong>quam</strong></span> <span class='ocrx_word' id='word_1_232' title='bbox 649 3103 762 3180; x_wconf 86' lang='lat' dir='ltr'><strong>pullus</strong></span> <span class='ocrx_word' id='word_1_233' title='bbox 786 3120 868 3164; x_wconf 90' lang='lat' dir='ltr'><strong>suus</strong></span> <span class='ocrx_word' id='word_1_234' title='bbox 893 3104 1121 3182; x_wconf 85' lang='lat' dir='ltr'><strong>subsequitur.</strong></span> <span class='ocrx_word' id='word_1_235' title='bbox 1140 3105 1305 3178; x_wconf 89' lang='lat' dir='ltr'><strong>Quamdiu</strong></span> <span class='ocrx_word' id='word_1_236' title='bbox 1328 3111 1476 3189; x_wconf 87' lang='lat' dir='ltr'><strong>spirabo,</strong></span> <span class='ocrx_word' id='word_1_237' title='bbox 1499 3120 1533 3174; x_wconf 90' lang='lat' dir='ltr'><strong>et</strong></span> <span class='ocrx_word' id='word_1_238' title='bbox 1555 3115 1715 3192; x_wconf 85' lang='lat' dir='ltr'><strong>quamdiu</strong></span> 
     </span>
     <span class='ocr_line' id='line_1_23' title="bbox 171 3207 1715 3293; baseline 0.011 -27"><span class='ocrx_word' id='word_1_239' title='bbox 171 3225 189 3266; x_wconf 75' lang='lat' dir='ltr'><strong>s</strong></span> <span class='ocrx_word' id='word_1_240' title='bbox 206 3209 332 3284; x_wconf 86' lang='lat' dir='ltr'><strong>vivam,</strong></span> <span class='ocrx_word' id='word_1_241' title='bbox 349 3225 415 3269; x_wconf 94' lang='lat' dir='ltr'><strong>non</strong></span> <span class='ocrx_word' id='word_1_242' title='bbox 430 3207 623 3284; x_wconf 90' lang='lat' dir='ltr'><strong>permittam</strong></span> <span class='ocrx_word' id='word_1_243' title='bbox 638 3212 676 3266; x_wconf 93' lang='lat' dir='ltr'><strong>ut</strong></span> <span class='ocrx_word' id='word_1_244' title='bbox 692 3207 781 3266; x_wconf 91' lang='lat' dir='ltr'><strong>ullus</strong></span> <span class='ocrx_word' id='word_1_245' title='bbox 793 3223 854 3284; x_wconf 91' lang='lat' dir='ltr'><strong>per</strong></span> <span class='ocrx_word' id='word_1_246' title='bbox 870 3207 1035 3268; x_wconf 91' lang='lat' dir='ltr'><strong>insaniam</strong></span> <span class='ocrx_word' id='word_1_247' title='bbox 1047 3209 1231 3271; x_wconf 87' lang='lat' dir='ltr'><strong>voluntatis</strong></span> <span class='ocrx_word' id='word_1_248' title='bbox 1249 3228 1330 3273; x_wconf 82' lang='lat' dir='ltr'><strong>suae</strong></span> <span class='ocrx_word' id='word_1_249' title='bbox 1343 3229 1397 3274; x_wconf 91' lang='lat' dir='ltr'><strong>me</strong></span> <span class='ocrx_word' id='word_1_250' title='bbox 1412 3222 1589 3293; x_wconf 84' lang='lat' dir='ltr'><strong>percutiat.</strong></span> <span class='ocrx_word' id='word_1_251' title='bbox 1604 3220 1715 3283; x_wconf 92' lang='lat' dir='ltr'><strong>Omni-</strong></span> 
     </span>
     <span class='ocr_line' id='line_1_24' title="bbox 170 3311 1714 3399; baseline 0.01 -29"><span class='ocrx_word' id='word_1_252' title='bbox 170 3329 188 3370; x_wconf 80' lang='lat'><strong>»</strong></span> <span class='ocrx_word' id='word_1_253' title='bbox 206 3313 271 3373; x_wconf 87' lang='lat' dir='ltr'><strong>bus</strong></span> <span class='ocrx_word' id='word_1_254' title='bbox 283 3313 373 3373; x_wconf 90' lang='lat' dir='ltr'><strong>enim</strong></span> <span class='ocrx_word' id='word_1_255' title='bbox 385 3311 582 3388; x_wconf 88' lang='lat' dir='ltr'><strong>prohibebo,</strong></span> <span class='ocrx_word' id='word_1_256' title='bbox 593 3326 633 3369; x_wconf 88' lang='lat' dir='ltr'><strong>ne</strong></span> <span class='ocrx_word' id='word_1_257' title='bbox 646 3311 735 3370; x_wconf 91' lang='lat' dir='ltr'><strong>sicut</strong></span> <span class='ocrx_word' id='word_1_258' title='bbox 746 3316 872 3371; x_wconf 89' lang='lat' dir='ltr'><strong>terram</strong></span> <span class='ocrx_word' id='word_1_259' title='bbox 885 3312 1081 3388; x_wconf 83' lang='lat' dir='ltr'><strong>conculcent</strong></span> <span class='ocrx_word' id='word_1_260' title='bbox 1094 3329 1157 3374; x_wconf 89' lang='lat' dir='ltr'><strong>me.</strong></span> <span class='ocrx_word' id='word_1_261' title='bbox 1167 3315 1251 3376; x_wconf 88' lang='lat' dir='ltr'><strong>Nam</strong></span> <span class='ocrx_word' id='word_1_262' title='bbox 1263 3318 1369 3378; x_wconf 90' lang='lat' dir='ltr'><strong>multo</strong></span> <span class='ocrx_word' id='word_1_263' title='bbox 1383 3318 1544 3396; x_wconf 87' lang='lat' dir='ltr'><strong>maj0rem</strong></span> <span class='ocrx_word' id='word_1_264' title='bbox 1558 3323 1714 3399; x_wconf 76' lang='lat' dir='ltr'><strong>iniuriam</strong></span> 
     </span>
     <span class='ocr_line' id='line_1_25' title="bbox 170 3412 1715 3506; baseline 0.011 -33"><span class='ocrx_word' id='word_1_265' title='bbox 170 3416 257 3475; x_wconf 75' lang='lat' dir='ltr'><strong>»eis</strong></span> <span class='ocrx_word' id='word_1_266' title='bbox 275 3415 396 3476; x_wconf 79' lang='lat' dir='ltr'><strong>faciam</strong></span> <span class='ocrx_word' id='word_1_267' title='bbox 413 3428 515 3492; x_wconf 88' lang='lat' dir='ltr'><strong>quam</strong></span> <span class='ocrx_word' id='word_1_268' title='bbox 530 3412 613 3474; x_wconf 92' lang='lat' dir='ltr'><strong>mihi</strong></span> <span class='ocrx_word' id='word_1_269' title='bbox 631 3412 787 3489; x_wconf 82' lang='lat' dir='ltr'><strong>inierant,</strong></span> <span class='ocrx_word' id='word_1_270' title='bbox 803 3414 885 3491; x_wconf 86' lang='lat' dir='ltr'><strong>quia</strong></span> <span class='ocrx_word' id='word_1_271' title='bbox 901 3430 953 3475; x_wconf 92' lang='lat' dir='ltr'><strong>me</strong></span> <span class='ocrx_word' id='word_1_272' title='bbox 969 3432 1036 3476; x_wconf 91' lang='lat' dir='ltr'><strong>non</strong></span> <span class='ocrx_word' id='word_1_273' title='bbox 1052 3417 1165 3478; x_wconf 85' lang='lat' dir='ltr'><strong>taedet</strong></span> <span class='ocrx_word' id='word_1_274' title='bbox 1187 3425 1300 3480; x_wconf 91' lang='lat' dir='ltr'><strong>tantas</strong></span> <span class='ocrx_word' id='word_1_275' title='bbox 1324 3423 1510 3500; x_wconf 89' lang='lat' dir='ltr'><strong>molestias,</strong></span> <span class='ocrx_word' id='word_1_276' title='bbox 1536 3431 1715 3506; x_wconf 88' lang='lat' dir='ltr'><strong>tantasque</strong></span> 
     </span>
     <span class='ocr_line' id='line_1_26' title="bbox 169 3515 1651 3599; baseline 0.009 -24"><span class='ocrx_word' id='word_1_277' title='bbox 169 3534 187 3575; x_wconf 73' lang='lat' dir='ltr'><strong>a</strong></span> <span class='ocrx_word' id='word_1_278' title='bbox 206 3518 428 3578; x_wconf 84' lang='lat' dir='ltr'><strong>contumelias</strong></span> <span class='ocrx_word' id='word_1_279' title='bbox 446 3518 514 3578; x_wconf 91' lang='lat' dir='ltr'><strong>illis</strong></span> <span class='ocrx_word' id='word_1_280' title='bbox 531 3515 666 3592; x_wconf 79' lang='lat' dir='ltr'><strong>inferre,</strong></span> <span class='ocrx_word' id='word_1_281' title='bbox 684 3517 773 3594; x_wconf 87' lang='lat' dir='ltr'><strong>quod</strong></span> <span class='ocrx_word' id='word_1_282' title='bbox 790 3517 893 3578; x_wconf 85' lang='lat' dir='ltr'><strong>etiam</strong></span> <span class='ocrx_word' id='word_1_283' title='bbox 910 3519 943 3579; x_wconf 93' lang='lat' dir='ltr'><strong>in</strong></span> <span class='ocrx_word' id='word_1_284' title='bbox 960 3520 1118 3582; x_wconf 89' lang='lat' dir='ltr'><strong>cordibus</strong></span> <span class='ocrx_word' id='word_1_285' title='bbox 1135 3523 1208 3582; x_wconf 90' lang='lat' dir='ltr'><strong>suis</strong></span> <span class='ocrx_word' id='word_1_286' title='bbox 1225 3539 1286 3599; x_wconf 89' lang='lat' dir='ltr'><strong>per</strong></span> <span class='ocrx_word' id='word_1_287' title='bbox 1301 3523 1363 3584; x_wconf 89' lang='lat' dir='ltr'><strong>has</strong></span> <span class='ocrx_word' id='word_1_288' title='bbox 1379 3525 1615 3591; x_wconf 86' lang='lat' dir='ltr'><strong>dilacerentur.</strong></span> <span class='ocrx_word' id='word_1_289' title='bbox 1635 3549 1651 3588; x_wconf 74' lang='lat' dir='ltr'><strong>a</strong></span> 
     </span>
    </p>
   </div>
   <div class='ocr_carea' id='block_1_7' title="bbox 772 3728 1076 4018">
    <p class='ocr_par' dir='ltr' id='par_1_8' title="bbox 772 3728 1076 4018">
     <span class='ocr_line' id='line_1_27' title="bbox 921 3728 958 3790; baseline 0.054 -2"><span class='ocrx_word' id='word_1_290' title='bbox 921 3728 958 3790; x_wconf 86' lang='lat' dir='ltr'><strong>X.</strong></span> 
     </span>
     <span class='ocr_line' id='line_1_28' title="bbox 772 3937 1076 4018; baseline 0 -18"><span class='ocrx_word' id='word_1_291' title='bbox 772 3937 953 4018; x_wconf 79' lang='lat' dir='ltr'><strong>Responsio</strong></span> <span class='ocrx_word' id='word_1_292' title='bbox 972 3941 1076 4018; x_wconf 77' lang='lat' dir='ltr'><strong>pacis.</strong></span> 
     </span>
    </p>
   </div>
   <div class='ocr_carea' id='block_1_8' title="bbox 158 4145 1817 5173">
    <p class='ocr_par' dir='ltr' id='par_1_9' title="bbox 158 4145 1817 5173">
     <span class='ocr_line' id='line_1_29' title="bbox 210 4145 1712 4244; baseline 0.015 -36"><span class='ocrx_word' id='word_1_293' title='bbox 210 4145 264 4210; x_wconf 78' lang='lat' dir='ltr'><strong>le.</strong></span> <span class='ocrx_word' id='word_1_294' title='bbox 288 4147 330 4209; x_wconf 82' lang='lat' dir='ltr'><strong>Et</strong></span> <span class='ocrx_word' id='word_1_295' title='bbox 346 4147 467 4209; x_wconf 93' lang='lat' dir='ltr'><strong>iterum</strong></span> <span class='ocrx_word' id='word_1_296' title='bbox 483 4145 524 4209; x_wconf 92' lang='lat' dir='ltr'><strong>de</strong></span> <span class='ocrx_word' id='word_1_297' title='bbox 540 4147 692 4226; x_wconf 87' lang='lat' dir='ltr'><strong>praelata</strong></span> <span class='ocrx_word' id='word_1_298' title='bbox 708 4147 843 4210; x_wconf 83' lang='lat' dir='ltr'><strong>turbide</strong></span> <span class='ocrx_word' id='word_1_299' title='bbox 859 4149 947 4212; x_wconf 90' lang='lat' dir='ltr'><strong>nube</strong></span> <span class='ocrx_word' id='word_1_300' title='bbox 964 4151 1077 4213; x_wconf 89' lang='lat' dir='ltr'><strong>audivi</strong></span> <span class='ocrx_word' id='word_1_301' title='bbox 1094 4169 1211 4216; x_wconf 90' lang='lat' dir='ltr'><strong>vocem</strong></span> <span class='ocrx_word' id='word_1_302' title='bbox 1229 4154 1336 4220; x_wconf 88' lang='lat' dir='ltr'><strong>eidem</strong></span> <span class='ocrx_word' id='word_1_303' title='bbox 1354 4159 1491 4239; x_wconf 79' lang='lat' dir='ltr'><strong>imagini</strong></span> <span class='ocrx_word' id='word_1_304' title='bbox 1509 4167 1712 4244; x_wconf 86' lang='lat' dir='ltr'><strong>responden·</strong></span> 
     </span>
     <span class='ocr_line' id='line_1_30' title="bbox 165 4250 1712 4336; baseline 0.016 -26"><span class='ocrx_word' id='word_1_305' title='bbox 165 4252 244 4311; x_wconf 74' lang='lat' dir='ltr'><strong>teum</strong></span> <span class='ocrx_word' id='word_1_306' title='bbox 263 4267 281 4310; x_wconf 70' lang='grc' dir='ltr'>ι</span> <span class='ocrx_word' id='word_1_307' title='bbox 298 4250 325 4312; x_wconf 91' lang='grc'>0</span> <span class='ocrx_word' id='word_1_308' title='bbox 341 4251 487 4312; x_wconf 89' lang='lat' dir='ltr'><strong>stridens</strong></span> <span class='ocrx_word' id='word_1_309' title='bbox 511 4256 545 4312; x_wconf 91' lang='lat' dir='ltr'><strong>et</strong></span> <span class='ocrx_word' id='word_1_310' title='bbox 561 4253 678 4328; x_wconf 79' lang='lat' dir='ltr'><strong>igneus</strong></span> <span class='ocrx_word' id='word_1_311' title='bbox 703 4253 795 4314; x_wconf 85' lang='lat' dir='ltr'><strong>calor</strong></span> <span class='ocrx_word' id='word_1_312' title='bbox 817 4255 1051 4332; x_wconf 85' lang='lat' dir='ltr'><strong>contumeliae,</strong></span> <span class='ocrx_word' id='word_1_313' title='bbox 1076 4263 1112 4318; x_wconf 92' lang='lat' dir='ltr'><strong>tu</strong></span> <span class='ocrx_word' id='word_1_314' title='bbox 1137 4260 1357 4336; x_wconf 81' lang='lat' dir='ltr'><strong>sanguineum</strong></span> <span class='ocrx_word' id='word_1_315' title='bbox 1380 4265 1506 4326; x_wconf 86' lang='lat' dir='ltr'><strong>crimen</strong></span> <span class='ocrx_word' id='word_1_316' title='bbox 1528 4274 1562 4330; x_wconf 91' lang='lat' dir='ltr'><strong>et</strong></span> <span class='ocrx_word' id='word_1_317' title='bbox 1585 4272 1712 4333; x_wconf 93' lang='lat' dir='ltr'><strong>stridor</strong></span> 
     </span>
     <span class='ocr_line' id='line_1_31' title="bbox 168 4351 1817 4448; baseline 0.016 -35"><span class='ocrx_word' id='word_1_318' title='bbox 168 4369 185 4412; x_wconf 73' lang='lat' dir='ltr'><strong>a</strong></span> <span class='ocrx_word' id='word_1_319' title='bbox 203 4353 354 4415; x_wconf 91' lang='lat' dir='ltr'><strong>dentium</strong></span> <span class='ocrx_word' id='word_1_320' title='bbox 369 4369 418 4430; x_wconf 80' lang='lat' dir='ltr'><strong>es,</strong></span> <span class='ocrx_word' id='word_1_321' title='bbox 436 4361 470 4415; x_wconf 91' lang='lat' dir='ltr'><strong>et</strong></span> <span class='ocrx_word' id='word_1_322' title='bbox 486 4357 520 4416; x_wconf 92' lang='lat' dir='ltr'><strong>in</strong></span> <span class='ocrx_word' id='word_1_323' title='bbox 535 4356 699 4417; x_wconf 87' lang='lat' dir='ltr'><strong>varietate</strong></span> <span class='ocrx_word' id='word_1_324' title='bbox 715 4357 914 4434; x_wconf 76' lang='lat' dir='ltr'><strong>iniuriarum</strong></span> <span class='ocrx_word' id='word_1_325' title='bbox 930 4367 1079 4437; x_wconf 87' lang='lat' dir='ltr'><strong>aestuas,</strong></span> <span class='ocrx_word' id='word_1_326' title='bbox 1097 4367 1134 4424; x_wconf 91' lang='lat' dir='ltr'><strong>ut</strong></span> <span class='ocrx_word' id='word_1_327' title='bbox 1150 4365 1347 4441; x_wconf 82' lang='lat' dir='ltr'><strong>sanguinem</strong></span> <span class='ocrx_word' id='word_1_328' title='bbox 1363 4365 1526 4448; x_wconf 88' lang='lat' dir='ltr'><strong>ellundas,</strong></span> <span class='ocrx_word' id='word_1_329' title='bbox 1543 4375 1644 4436; x_wconf 80' lang='lat' dir='ltr'><strong>etsie</strong></span> <span class='ocrx_word' id='word_1_330' title='bbox 1660 4392 1712 4437; x_wconf 90' lang='lat' dir='ltr'><strong>se-</strong></span> <span class='ocrx_word' id='word_1_331' title='bbox 1815 4351 1817 4354; x_wconf 73' lang='lat'><strong>.</strong></span> 
     </span>
     <span class='ocr_line' id='line_1_32' title="bbox 168 4457 1711 4547; baseline 0.015 -30"><span class='ocrx_word' id='word_1_332' title='bbox 168 4473 185 4516; x_wconf 76' lang='lat' dir='ltr'><strong>a</strong></span> <span class='ocrx_word' id='word_1_333' title='bbox 204 4457 350 4518; x_wconf 90' lang='lat' dir='ltr'><strong>cundum</strong></span> <span class='ocrx_word' id='word_1_334' title='bbox 365 4459 572 4520; x_wconf 86' lang='lat' dir='ltr'><strong>voluntatem</strong></span> <span class='ocrx_word' id='word_1_335' title='bbox 587 4465 681 4520; x_wconf 92' lang='lat' dir='ltr'><strong>tuam</strong></span> <span class='ocrx_word' id='word_1_336' title='bbox 697 4461 851 4522; x_wconf 86' lang='lat' dir='ltr'><strong>incedere</strong></span> <span class='ocrx_word' id='word_1_337' title='bbox 866 4462 931 4537; x_wconf 91' lang='lat' dir='ltr'><strong>vis,</strong></span> <span class='ocrx_word' id='word_1_338' title='bbox 956 4480 1168 4542; x_wconf 88' lang='lat' dir='ltr'><strong>quocumque</strong></span> <span class='ocrx_word' id='word_1_339' title='bbox 1185 4468 1247 4529; x_wconf 89' lang='lat' dir='ltr'><strong>tibi</strong></span> <span class='ocrx_word' id='word_1_340' title='bbox 1271 4457 1446 4547; x_wconf 87' lang='lat' dir='ltr'><strong>placuerit.</strong></span> <span class='ocrx_word' id='word_1_341' title='bbox 1465 4473 1527 4536; x_wconf 91' lang='lat' dir='ltr'><strong>Sed</strong></span> <span class='ocrx_word' id='word_1_342' title='bbox 1545 4478 1630 4538; x_wconf 90' lang='lat' dir='ltr'><strong>etin</strong></span> <span class='ocrx_word' id='word_1_343' title='bbox 1653 4494 1711 4540; x_wconf 87' lang='lat' dir='ltr'><strong>ure</strong></span> 
     </span>
     <span class='ocr_line' id='line_1_33' title="bbox 168 4562 1708 4656; baseline 0.016 -38"><span class='ocrx_word' id='word_1_344' title='bbox 168 4577 185 4618; x_wconf 74' lang='lat' dir='ltr'><strong>a</strong></span> <span class='ocrx_word' id='word_1_345' title='bbox 203 4564 262 4622; x_wconf 87' lang='lat' dir='ltr'><strong>tuo</strong></span> <span class='ocrx_word' id='word_1_346' title='bbox 280 4575 435 4637; x_wconf 75' lang='lat' dir='ltr'><strong>magnam</strong></span> <span class='ocrx_word' id='word_1_347' title='bbox 451 4562 628 4624; x_wconf 87' lang='lat' dir='ltr'><strong>saevitiam</strong></span> <span class='ocrx_word' id='word_1_348' title='bbox 643 4571 771 4640; x_wconf 87' lang='lat' dir='ltr'><strong>portas,</strong></span> <span class='ocrx_word' id='word_1_349' title='bbox 789 4579 850 4642; x_wconf 89' lang='lat' dir='ltr'><strong>per</strong></span> <span class='ocrx_word' id='word_1_350' title='bbox 862 4581 963 4642; x_wconf 87' lang='lat' dir='ltr'><strong>quam</strong></span> <span class='ocrx_word' id='word_1_351' title='bbox 975 4569 1139 4644; x_wconf 90' lang='lat' dir='ltr'><strong>plurimos</strong></span> <span class='ocrx_word' id='word_1_352' title='bbox 1152 4574 1364 4651; x_wconf 84' lang='lat' dir='ltr'><strong>comminuie,</strong></span> <span class='ocrx_word' id='word_1_353' title='bbox 1378 4592 1418 4636; x_wconf 91' lang='lat' dir='ltr'><strong>ac</strong></span> <span class='ocrx_word' id='word_1_354' title='bbox 1430 4593 1489 4638; x_wconf 90' lang='lat' dir='ltr'><strong>eos</strong></span> <span class='ocrx_word' id='word_1_355' title='bbox 1503 4578 1708 4656; x_wconf 83' lang='lat' dir='ltr'><strong>inhonestae,</strong></span> 
     </span>
     <span class='ocr_line' id='line_1_34' title="bbox 167 4663 1711 4760; baseline 0.016 -39"><span class='ocrx_word' id='word_1_356' title='bbox 167 4681 184 4718; x_wconf 75' lang='lat' dir='ltr'><strong>a</strong></span> <span class='ocrx_word' id='word_1_357' title='bbox 201 4663 262 4740; x_wconf 87' lang='lat' dir='ltr'><strong>qui</strong></span> <span class='ocrx_word' id='word_1_358' title='bbox 278 4665 567 4726; x_wconf 89' lang='lat' dir='ltr'><strong>mansuetudinem</strong></span> <span class='ocrx_word' id='word_1_359' title='bbox 584 4672 766 4729; x_wconf 88' lang='lat' dir='ltr'><strong>sectantur.</strong></span> <span class='ocrx_word' id='word_1_360' title='bbox 783 4669 866 4730; x_wconf 87' lang='lat' dir='ltr'><strong>Nam</strong></span> <span class='ocrx_word' id='word_1_361' title='bbox 884 4669 971 4731; x_wconf 86' lang='lat' dir='ltr'><strong>hona</strong></span> <span class='ocrx_word' id='word_1_362' title='bbox 988 4673 1129 4734; x_wconf 88' lang='lat' dir='ltr'><strong>consilia</strong></span> <span class='ocrx_word' id='word_1_363' title='bbox 1146 4681 1180 4735; x_wconf 88' lang='lat' dir='ltr'><strong>et</strong></span> <span class='ocrx_word' id='word_1_364' title='bbox 1196 4677 1329 4753; x_wconf 87' lang='lat' dir='ltr'><strong>quietas</strong></span> <span class='ocrx_word' id='word_1_365' title='bbox 1346 4686 1475 4742; x_wconf 91' lang='lat' dir='ltr'><strong>mentes</strong></span> <span class='ocrx_word' id='word_1_366' title='bbox 1492 4683 1652 4760; x_wconf 90' lang='lat' dir='ltr'><strong>destruis,</strong></span> <span class='ocrx_word' id='word_1_367' title='bbox 1672 4701 1711 4745; x_wconf 91' lang='lat' dir='ltr'><strong>ao</strong></span> 
     </span>
     <span class='ocr_line' id='line_1_35' title="bbox 167 4765 1711 4864; baseline 0.016 -39"><span class='ocrx_word' id='word_1_368' title='bbox 167 4765 398 4848; x_wconf 74' lang='lat' dir='ltr'><strong>»deceptione</strong></span> <span class='ocrx_word' id='word_1_369' title='bbox 413 4775 471 4829; x_wconf 90' lang='lat' dir='ltr'><strong>tua</strong></span> <span class='ocrx_word' id='word_1_370' title='bbox 487 4770 537 4830; x_wconf 87' lang='lat' dir='ltr'><strong>eis</strong></span> <span class='ocrx_word' id='word_1_371' title='bbox 553 4770 653 4832; x_wconf 88' lang='lat' dir='ltr'><strong>linem</strong></span> <span class='ocrx_word' id='word_1_372' title='bbox 670 4770 824 4849; x_wconf 89' lang='lat' dir='ltr'><strong>impunis.</strong></span> <span class='ocrx_word' id='word_1_373' title='bbox 842 4773 879 4834; x_wconf 90' lang='lat' dir='ltr'><strong>ln</strong></span> <span class='ocrx_word' id='word_1_374' title='bbox 894 4775 986 4835; x_wconf 90' lang='lat' dir='ltr'><strong>nulla</strong></span> <span class='ocrx_word' id='word_1_375' title='bbox 1002 4776 1091 4836; x_wconf 92' lang='lat' dir='ltr'><strong>enim</strong></span> <span class='ocrx_word' id='word_1_376' title='bbox 1108 4794 1144 4838; x_wconf 90' lang='lat' dir='ltr'><strong>re</strong></span> <span class='ocrx_word' id='word_1_377' title='bbox 1163 4778 1392 4844; x_wconf 88' lang='lat' dir='ltr'><strong>habitaculum</strong></span> <span class='ocrx_word' id='word_1_378' title='bbox 1414 4785 1509 4860; x_wconf 86' lang='lat' dir='ltr'><strong>pacis</strong></span> <span class='ocrx_word' id='word_1_379' title='bbox 1525 4786 1632 4864; x_wconf 90' lang='lat' dir='ltr'><strong>vides,</strong></span> <span class='ocrx_word' id='word_1_380' title='bbox 1650 4801 1711 4849; x_wconf 91' lang='lat' dir='ltr'><strong>nec</strong></span> 
     </span>
     <span class='ocr_line' id='line_1_36' title="bbox 166 4868 1712 4966; baseline 0.017 -39"><span class='ocrx_word' id='word_1_381' title='bbox 166 4885 183 4927; x_wconf 78' lang='lat' dir='ltr'><strong>a</strong></span> <span class='ocrx_word' id='word_1_382' title='bbox 200 4868 388 4946; x_wconf 88' lang='lat' dir='ltr'><strong>desideras,</strong></span> <span class='ocrx_word' id='word_1_383' title='bbox 405 4887 467 4934; x_wconf 91' lang='lat' dir='ltr'><strong>nec</strong></span> <span class='ocrx_word' id='word_1_384' title='bbox 481 4873 547 4947; x_wconf 85' lang='lat' dir='ltr'><strong>vie,</strong></span> <span class='ocrx_word' id='word_1_385' title='bbox 566 4873 625 4935; x_wconf 87' lang='lat' dir='ltr'><strong>sed</strong></span> <span class='ocrx_word' id='word_1_386' title='bbox 643 4875 676 4934; x_wconf 89' lang='lat' dir='ltr'><strong>in</strong></span> <span class='ocrx_word' id='word_1_387' title='bbox 693 4891 872 4937; x_wconf 86' lang='lat' dir='ltr'><strong>cavernam</strong></span> <span class='ocrx_word' id='word_1_388' title='bbox 889 4877 978 4940; x_wconf 89' lang='lat' dir='ltr'><strong>sicut</strong></span> <span class='ocrx_word' id='word_1_389' title='bbox 992 4895 1133 4957; x_wconf 91' lang='lat' dir='ltr'><strong>serpens</strong></span> <span class='ocrx_word' id='word_1_390' title='bbox 1149 4887 1182 4942; x_wconf 86' lang='lat' dir='ltr'><strong>te</strong></span> <span class='ocrx_word' id='word_1_391' title='bbox 1207 4884 1363 4962; x_wconf 89' lang='lat' dir='ltr'><strong>involvis,</strong></span> <span class='ocrx_word' id='word_1_392' title='bbox 1381 4894 1415 4947; x_wconf 89' lang='lat' dir='ltr'><strong>ot</strong></span> <span class='ocrx_word' id='word_1_393' title='bbox 1430 4904 1491 4966; x_wconf 86' lang='lat' dir='ltr'><strong>per</strong></span> <span class='ocrx_word' id='word_1_394' title='bbox 1511 4889 1623 4966; x_wconf 85' lang='lat' dir='ltr'><strong>jacula</strong></span> <span class='ocrx_word' id='word_1_395' title='bbox 1639 4891 1712 4952; x_wconf 90' lang='lat' dir='ltr'><strong>uni·</strong></span> 
     </span>
     <span class='ocr_line' id='line_1_37' title="bbox 158 4972 1712 5072; baseline 0.019 -44"><span class='ocrx_word' id='word_1_396' title='bbox 158 4990 184 5038; x_wconf 71' lang='lat' dir='ltr'><strong>a</strong></span> <span class='ocrx_word' id='word_1_397' title='bbox 200 4972 324 5048; x_wconf 90' lang='lat' dir='ltr'><strong>cuique</strong></span> <span class='ocrx_word' id='word_1_398' title='bbox 337 4975 476 5037; x_wconf 88' lang='lat' dir='ltr'><strong>vulnera</strong></span> <span class='ocrx_word' id='word_1_399' title='bbox 490 4976 586 5052; x_wconf 89' lang='lat' dir='ltr'><strong>lacis,</strong></span> <span class='ocrx_word' id='word_1_400' title='bbox 599 4978 680 5054; x_wconf 89' lang='lat' dir='ltr'><strong>quia</strong></span> <span class='ocrx_word' id='word_1_401' title='bbox 694 4980 795 5040; x_wconf 87' lang='lat' dir='ltr'><strong>saltui</strong></span> <span class='ocrx_word' id='word_1_402' title='bbox 811 4977 837 5060; x_wconf 76' lang='lat'><strong>²)</strong></span> <span class='ocrx_word' id='word_1_403' title='bbox 855 4982 1079 5044; x_wconf 90' lang='lat' dir='ltr'><strong>mordentium</strong></span> <span class='ocrx_word' id='word_1_404' title='bbox 1095 4988 1260 5048; x_wconf 87' lang='lat' dir='ltr'><strong>vermium</strong></span> <span class='ocrx_word' id='word_1_405' title='bbox 1277 4991 1491 5068; x_wconf 90' lang='lat' dir='ltr'><strong>assimilaris,</strong></span> <span class='ocrx_word' id='word_1_406' title='bbox 1510 4995 1567 5070; x_wconf 93' lang='lat' dir='ltr'><strong>qui</strong></span> <span class='ocrx_word' id='word_1_407' title='bbox 1584 4998 1712 5072; x_wconf 85' lang='lat' dir='ltr'><strong>praeci-</strong></span> 
     </span>
     <span class='ocr_line' id='line_1_38' title="bbox 167 5073 1710 5173; baseline 0.021 -41"><span class='ocrx_word' id='word_1_408' title='bbox 167 5090 267 5152; x_wconf 81' lang='lat' dir='ltr'><strong>»pue</strong></span> <span class='ocrx_word' id='word_1_409' title='bbox 284 5073 474 5141; x_wconf 90' lang='lat' dir='ltr'><strong>hominibus</strong></span> <span class='ocrx_word' id='word_1_410' title='bbox 490 5087 633 5143; x_wconf 88' lang='lat' dir='ltr'><strong>mortem</strong></span> <span class='ocrx_word' id='word_1_411' title='bbox 651 5082 808 5159; x_wconf 85' lang='lat' dir='ltr'><strong>inierunt;</strong></span> <span class='ocrx_word' id='word_1_412' title='bbox 826 5091 860 5148; x_wconf 85' lang='lat' dir='ltr'><strong>et</strong></span> <span class='ocrx_word' id='word_1_413' title='bbox 877 5085 951 5147; x_wconf 90' lang='lat' dir='ltr'><strong>ideo</strong></span> <span class='ocrx_word' id='word_1_414' title='bbox 967 5089 1086 5150; x_wconf 91' lang='lat' dir='ltr'><strong>umbra</strong></span> <span class='ocrx_word' id='word_1_415' title='bbox 1103 5093 1222 5152; x_wconf 87' lang='lat' dir='ltr'><strong>mortis</strong></span> <span class='ocrx_word' id='word_1_416' title='bbox 1239 5109 1278 5155; x_wconf 91' lang='lat' dir='ltr'><strong>ao</strong></span> <span class='ocrx_word' id='word_1_417' title='bbox 1295 5095 1478 5173; x_wconf 88' lang='lat' dir='ltr'><strong>pessimum</strong></span> <span class='ocrx_word' id='word_1_418' title='bbox 1497 5116 1659 5163; x_wconf 88' lang='lat' dir='ltr'><strong>venenum</strong></span> <span class='ocrx_word' id='word_1_419' title='bbox 1676 5109 1710 5164; x_wconf 89' lang='lat' dir='ltr'><strong>et</strong></span> 
     </span>
    </p>
   </div>
   <div class='ocr_carea' id='block_1_9' title="bbox 202 5226 745 5312">
    <p class='ocr_par' dir='ltr' id='par_1_10' title="bbox 202 5226 745 5312">
     <span class='ocr_line' id='line_1_39' title="bbox 202 5226 745 5312; baseline 0.031 -30"><span class='ocrx_word' id='word_1_420' title='bbox 202 5226 225 5296; x_wconf 77' lang='lat' dir='ltr'><strong>ll</strong></span> <span class='ocrx_word' id='word_1_421' title='bbox 238 5231 395 5289; x_wconf 76' lang='lat' dir='ltr'><strong>uulnerauit</strong></span> <span class='ocrx_word' id='word_1_422' title='bbox 407 5231 441 5291; x_wconf 75' lang='lat' dir='ltr'><strong>l.</strong></span> <span class='ocrx_word' id='word_1_423' title='bbox 458 5267 490 5277; x_wconf 90' lang='lat'><em>-</em></span> <span class='ocrx_word' id='word_1_424' title='bbox 504 5238 527 5302; x_wconf 78' lang='lat'><strong>²)</strong></span> <span class='ocrx_word' id='word_1_425' title='bbox 538 5242 590 5312; x_wconf 85' lang='lat' dir='ltr'><strong>qui</strong></span> <span class='ocrx_word' id='word_1_426' title='bbox 601 5241 689 5298; x_wconf 76' lang='lat' dir='ltr'><strong>collui</strong></span> <span class='ocrx_word' id='word_1_427' title='bbox 701 5243 745 5299; x_wconf 87' lang='lat' dir='ltr'><strong>W.</strong></span> 
     </span>
    </p>
   </div>
   <div class='ocr_carea' id='block_1_10' title="bbox 0 0 2000 6092">
    <p class='ocr_par' dir='ltr' id='par_1_11' title="bbox 0 0 2000 6092">
     <span class='ocr_line' id='line_1_40' title="bbox 0 0 2000 6092; baseline 0 0"><span class='ocrx_word' id='word_1_428' title='bbox 0 0 2000 6092; x_wconf 95' lang='lat' dir='ltr'><strong> </strong></span> 
     </span>
    </p>
   </div>
  </div>
 </body>
</html>
