3992 6092
282 481 324 544 ti
858 497 883 542 s.
916 495 1193 543 nlnnscanms

249 627 357 680 torum
376 619 431 678 lux
449 623 517 692 tua,
536 629 611 676 oum
628 631 688 692 per
705 613 825 674 bonam
841 621 875 674 et
893 621 1043 675 sanctam
1061 617 1150 676 viam
1168 616 1305 688 incedis,
1325 615 1370 674 ita
1396 614 1483 690 quod
1502 631 1616 678 cessas
1641 623 1795 692 peccate,

247 730 282 781 et
302 721 391 799 quod
416 722 502 782 bona
525 735 627 794 opera
654 719 774 794 incipis
798 705 943 794 operari,
970 720 1025 780 ubi
1051 721 1207 780 tenebrae
1232 727 1445 796 peccatorum
1471 720 1579 779 lucem
1604 723 1797 782 sanctitatis

248 845 312 888 non
328 826 507 898 oilusoant,
533 823 592 884 sed
610 823 667 884 ubi
691 824 793 882 etiam
819 822 867 881 illi
886 823 1036 882 nolentes
1054 824 1215 884 serviunt.
1233 825 1324 883 Tunc
1340 823 1441 883 etiam
1467 823 1624 884 tenebrae
1640 827 1797 885 commis·v

249 946 364 990 eorum
381 936 526 1003 tuorum,
546 927 634 987 sicut
652 926 781 986 similes
798 941 863 984 mer
872 925 963 1000 idiei,
982 941 1057 984 cum
1083 926 1125 985 ad
1142 925 1308 985 deiectum
1325 925 1542 999 descendunt,
1568 927 1647 1002 quia
1665 933 1701 986 ut
1717 933 1796 1003 post

249 1033 423 1094 meridiem
447 1031 520 1092 dies
546 1030 736 1102 inclinatur,
763 1029 810 1088 ita
833 1028 936 1088 etiam
959 1034 1099 1104 peccata
1123 1034 1180 1088 tua
1204 1029 1370 1104 deficient,
1395 1035 1428 1088 et
1446 1029 1485 1088 ad
1512 1028 1654 1088 nibilum
1678 1044 1797 1105 perve-

248 1140 349 1201 nient.
365 1133 389 1216 ¹)
414 1138 454 1196 Et
471 1137 520 1197 sic
545 1135 694 1211 requiem
711 1133 752 1194 de
777 1134 922 1193 inimicis
939 1134 1007 1194 tuis
1032 1134 1092 1194 tibi
1110 1133 1203 1194 dabit
1223 1135 1332 1210 gratia
1358 1151 1418 1194 sua
1439 1134 1635 1194 Dominator
1659 1139 1795 1194 cuncto-

247 1261 333 1320 rum,
359 1248 393 1302 et
416 1241 505 1301 Deus
529 1241 678 1300 omnium
699 1244 942 1314 creaturarum,
968 1245 1002 1297 et
1019 1239 1082 1298 boc
1100 1239 1199 1298 saciet
1216 1239 1249 1298 in
1267 1239 1518 1315 sempiternum;
1545 1239 1592 1298 ita
1608 1243 1644 1298 ut
1661 1239 1750 1298 ultra
1765 1236 1791 1317 ²)

246 1348 309 1408 tibi
324 1363 390 1408 uon
406 1347 629 1418 dominentur,
648 1343 707 1403 sed
724 1347 761 1402 ut
778 1358 836 1402 eos
853 1349 889 1402 ut
907 1343 1091 1402 scabellum
1108 1343 1230 1419 pedum
1247 1349 1381 1402 tuorum
1397 1358 1530 1417 semper
1553 1343 1741 1416 conculces,
1759 1349 1794 1402 et

248 1453 297 1513 sic
316 1452 466 1526 implebit
483 1448 621 1510 coelesti
636 1447 845 1524 jucunditate
861 1451 895 1506 et
912 1447 1148 1524 splendoribus
1166 1461 1329 1522 supernae
1346 1447 1513 1506 claritatis
1525 1446 1672 1506 animam
1689 1453 1797 1518 tuam,

247 1555 340 1616 velut
357 1569 474 1614 sereno
498 1552 552 1612 die
569 1550 819 1612 benefactorum
846 1550 1060 1624 illustratam;
1079 1557 1112 1610 et
1129 1566 1208 1610 ossa
1232 1555 1300 1624 tua,
1320 1549 1451 1608 scilicet
1466 1565 1546 1608 ossa
1568 1548 1796 1608 membrorum

253 1664 399 1734 tuorum,
418 1674 504 1735 quae
530 1658 616 1717 bona
633 1673 672 1716 ac
697 1661 813 1716 sancta
830 1671 932 1731 opera
949 1657 1086 1730 operata
1103 1660 1192 1728 sunt,
1215 1673 1233 1714 a
1251 1656 1464 1730 corruptione
1480 1654 1647 1728 liberabit,
1666 1655 1798 1714 scilicet

249 1764 283 1822 in
299 1762 411 1822 futuro
430 1758 698 1832 resurrectionis,
718 1758 764 1818 ita
781 1757 869 1833 quod
887 1758 975 1816 ultra
993 1757 1148 1816 mortalia
1167 1773 1231 1816 non
1248 1763 1357 1830 erunt,
1377 1757 1435 1816 sed
1453 1755 1539 1832 quod
1565 1761 1681 1814 sancta
1698 1758 1731 1815 et
1750 1755 1798 1814 iu-

247 1867 478 1943 corruptibilia
495 1865 652 1940 deinceps
670 1862 887 1926 vocabuntur.

962 2073 1085 2136 XLllII.

897 2285 943 2345 De
969 2287 1156 2362 Impietale.

292 2499 345 2564 53.
371 2499 483 2563 Tertia
499 2515 580 2559 vero
599 2499 707 2573 imago
727 2495 935 2570 impietatem
951 2495 1137 2570 denuntiat,
1156 2511 1241 2571 quae
1258 2499 1335 2572 post
1352 2497 1569 2557 acerbitatem
1588 2495 1640 2557 sui
1659 2495 1794 2570 incedit,

246 2609 325 2685 quia
342 2607 398 2667 ubi
416 2604 584 2665 acerbitas
609 2603 642 2662 in
659 2599 828 2660 mentibus
852 2598 1024 2658 hominum
1041 2606 1105 2674 est,
1133 2599 1178 2659 ibi
1200 2599 1355 2673 impietas
1381 2616 1417 2660 se
1434 2601 1596 2676 adjungit,
1622 2617 1708 2677 quae
1724 2601 1797 2660 nul-

247 2713 317 2774 lum
333 2710 492 2788 gaudium
511 2709 543 2766 in
559 2706 657 2765 bonis
673 2703 805 2763 Domini
816 2697 841 2781 ³)
857 2704 1093 2764 inconcussum
1110 2703 1262 2778 dimittit,
1277 2704 1335 2763 sed
1349 2720 1435 2780 quae
1451 2705 1562 2764 omnia
1576 2705 1674 2779 bona,
1692 2721 1798 2780 quan-

247 2817 317 2874 tum
333 2811 518 2889 praevalet,
537 2807 687 2866 dilaniat.
698 2786 788 2878 Quae
808 2803 948 2865 formam
966 2803 1110 2865 bominis
1128 2805 1239 2881 babet,
1251 2813 1388 2881 excepto
1402 2807 1489 2882 quod
1508 2813 1609 2881 caput
1625 2807 1731 2882 ipsius
1749 2807 1798 2866 in·

247 2925 298 2979 ter
316 2916 474 2992 scapulas
493 2929 572 2973 suas
590 2929 609 2972 a
626 2919 761 2988 pectore
779 2911 1002 2985 proeminens,
1021 2916 1090 2970 tam
1109 2911 1213 2971 lerino
1231 2928 1331 2987 quam
1349 2911 1492 2972 humano
1510 2912 1611 2988 capiti
1629 2913 1797 2972 assimila·

251 3029 315 3100 tur,
341 3021 501 3100 quoniam
527 3017 650 3094 ipsein
676 3015 867 3076 bominibus
892 3031 1047 3090 regnans,
1073 3021 1107 3074 et
1131 3016 1263 3076 initium
1278 3012 1303 3094 ⁴)
1329 3033 1427 3076 suum
1448 3017 1481 3076 in
1497 3019 1703 3093 proprietate
1719 3033 1798 3076 con-

246 3125 407 3186 scientiae
432 3137 513 3182 suae
531 3118 717 3196 proterens,
743 3119 902 3178 bestiales
925 3133 964 3178 ac
989 3117 1163 3178 mordaces
1189 3135 1299 3178 mores
1324 3119 1358 3178 in
1374 3125 1490 3192 aperto
1511 3118 1624 3194 habet,
1642 3125 1675 3178 et
1691 3119 1795 3180 etiam

244 3233 392 3304 dolosoS,
411 3228 473 3288 sub
491 3228 634 3286 bumana
651 3225 762 3299 specie
783 3224 934 3284 latentes.
955 3223 1073 3282 Veram
1091 3225 1180 3282 enim
1203 3223 1393 3282 doctrinam
1408 3229 1442 3282 et
1459 3224 1641 3284 bonitatem
1661 3240 1700 3284 aa
1717 3225 1796 3285 obo-

243 3337 405 3396 dientiam
428 3335 462 3394 et
485 3329 738 3405 subjectionem,
763 3343 849 3404 quae
867 3328 901 3387 in
924 3326 990 3386 Deo
1009 3332 1097 3400 sunt,
1117 3327 1237 3400 renuit,
1256 3343 1295 3386 ac
1316 3327 1564 3402 pulchritudine
1586 3329 1741 3404 iustitiae
1759 3329 1794 3388 in

244 3440 400 3500 omnibus
415 3443 517 3496 caret.
536 3436 618 3495 Nam
634 3433 776 3510 grandes
793 3439 826 3492 et
845 3434 959 3508 igneos
975 3433 1102 3506 oculos,
1120 3438 1154 3490 et
1170 3447 1209 3490 os
1228 3437 1263 3490 ut
1288 3432 1466 3507 leopardus
1487 3433 1599 3509 habet,
1626 3436 1707 3510 quia
1724 3451 1793 3494 ma-

244 3561 344 3622 gnam
369 3541 586 3620 asperitatem
610 3555 687 3598 oum
704 3537 842 3597 ardente
868 3536 980 3596 lurore
999 3537 1030 3594 in
1056 3536 1237 3596 intentione
1262 3525 1328 3594 sua'
1345 3537 1534 3612 ostendens,
1561 3539 1673 3596 omnia
1693 3555 1794 3614 quae-

245 3662 389 3726 cumque
405 3645 540 3722 poterit,
558 3642 699 3703 dilaniat
714 3643 748 3700 et
764 3639 937 3714 discerpit;
956 3653 1017 3698 nec
1033 3639 1189 3714 gratiam,
1209 3655 1269 3698 nec
1286 3639 1554 3698 misericordiam
1566 3641 1650 3713 vult,
1666 3655 1725 3698 nec
1742 3656 1795 3700 sa·

245 3753 404 3828 pientiam
423 3749 458 3810 in
481 3745 682 3807 discretione
706 3742 878 3816 discernit;
903 3742 961 3802 sed
980 3745 1114 3802 sanctos
1137 3748 1171 3802 et
1185 3742 1294 3818 iustos
1317 3742 1441 3817 ubique
1457 3742 1654 3802 conculcare
1676 3747 1793 3802 tentat.

245 3860 453 3934 Quapropter
469 3854 570 3914 etiam
588 3851 629 3910 ab
648 3853 789 3925 utraque
807 3848 942 3908 maxilla
959 3848 1046 3908 linea
1058 3847 1144 3922 picei
1161 3849 1284 3908 eoloris
1297 3847 1338 3908 ad
1356 3850 1504 3908 mentum
1520 3847 1594 3923 ejus
1607 3848 1791 3924 descendit,

245 3978 403 4038 quoniam
427 3965 496 4020 tam
514 3959 547 4016 iu
564 3955 736 4016 frendente
759 3969 861 4030 quam
878 3953 913 4012 in
936 3959 1095 4027 operante
1119 3953 1338 4012 mordacitate
1363 3952 1579 4012 tenacitatem
1601 3954 1795 4014 teterrimae

244 4074 280 4127 et
294 4066 461 4140 pessimae
477 4060 662 4122 voluntatis
681 4057 792 4132 babet,
810 4073 898 4133 quae
913 4057 1016 4116 etiam
1038 4056 1078 4115 ad
1097 4057 1323 4131 insipientiam
1348 4056 1464 4132 tendit;
1482 4057 1564 4132 quia
1587 4058 1619 4118 in
1636 4059 1792 4120 illusione

245 4167 452 4243 deceptionis
477 4164 548 4224 sine
566 4162 692 4222 bonore
716 4159 774 4220 Dei
792 4161 854 4222 est.
872 4159 934 4220 Sed
959 4165 992 4219 et
1010 4160 1052 4218 ab
1069 4165 1211 4234 utroque
1235 4159 1298 4218 line
1316 4159 1387 4220 oris
1410 4159 1483 4235 ejus
1504 4163 1605 4236 caput
1628 4163 1795 4237 serpentis

245 4269 421 4346 dependet,
445 4266 602 4344 quoniam
625 4263 730 4324 Deum
753 4268 788 4322 et
811 4261 980 4322 bominem
1004 4261 1254 4336 contemnendo,
1281 4261 1382 4322 finem
1399 4261 1613 4322 mordacitati
1630 4278 1711 4324 suae
1730 4279 1795 4324 non

248 4373 399 4448 imponit,
413 4369 470 4432 sed
484 4383 616 4443 semper
629 4366 670 4426 ad
684 4383 770 4427 nova
788 4365 882 4426 initia
900 4364 933 4424 in
951 4365 1150 4439 serpentinis
1167 4364 1317 4426 moribus
1334 4365 1495 4441 procedit.
1510 4365 1549 4425 Et
1566 4367 1690 4426 multas
1706 4367 1798 4428 llam-

247 4496 320 4540 mas
332 4493 372 4538 ex
390 4491 447 4537 ore
461 4491 521 4535 suo
538 4473 673 4547 emittit,
689 4471 767 4548 quia
781 4469 933 4530 ardentia
947 4469 1059 4546 iacula
1071 4469 1251 4530 verborum
1265 4468 1457 4530 bominibus
1471 4469 1621 4545 imponit,
1635 4468 1715 4530 dum
1728 4485 1798 4530 om·

246 4587 345 4648 itibus
361 4581 469 4643 modis
485 4595 542 4640 eos
557 4576 753 4638 furibundos
768 4573 857 4634 iacit.
872 4573 963 4646 Quod
981 4579 1093 4632 autem
1106 4589 1206 4648 super
1219 4589 1327 4648 genua
1340 4589 1400 4633 sua
1413 4578 1492 4643 stat,
1508 4574 1637 4649 reliquo
1656 4589 1798 4650 corpore

245 4695 370 4760 erecto,
389 4684 452 4744 hoc
475 4680 633 4757 estquod
660 4677 890 4738 tortitudinem
908 4693 1003 4737 suam
1028 4675 1070 4736 ad
1087 4677 1254 4737 culturam
1279 4677 1445 4738 idolorum
1470 4677 1620 4748 inclinat,
1644 4693 1720 4737 cum
1738 4676 1797 4738 bo-

246 4797 352 4855 mines
370 4795 402 4853 in
420 4791 590 4864 impietate
608 4786 797 4846 saevientes
814 4783 967 4842 idolatris
983 4781 1110 4842 similes
1130 4781 1245 4856 elficit;
1264 4799 1348 4858 quos
1365 4783 1468 4842 etiam
1489 4783 1536 4842 ita
1552 4781 1688 4856 decipit,
1706 4776 1796 4858 quod

245 4917 283 4958 se
297 4899 406 4974 iustos
429 4909 502 4954 esse
519 4900 554 4952 et
574 4890 742 4968 justitiam
766 4888 876 4948 colere
894 4887 1095 4954 existimant.
1121 4886 1211 4946 Unde
1228 4892 1262 4944 et
1278 4891 1378 4960 caput
1404 4900 1502 4944 suum
1523 4885 1618 4960 nigro
1636 4899 1675 4944 ac
1698 4887 1794 4959 piceo

245 5003 409 5064 velamine
428 4997 582 5058 muliebri
601 5009 692 5053 more
710 4991 908 5065 circumdat,
926 4989 1083 5066 quoniam
1102 4993 1228 5049 mentes
1247 4990 1417 5049 bominum
1436 4989 1610 5047 tenebroso
1629 5004 1667 5046 ac
1687 4989 1794 5047 tenaci

285 5157 305 5222 a)
318 5157 479 5228 perveniunt
494 5151 538 5206 W,
556 5181 587 5192 -
599 5151 621 5214 ²)
638 5153 676 5204 ita
689 5147 763 5220 qnod
777 5145 851 5200 uitro
867 5143 912 5198 W.
929 5175 961 5183 -
974 5142 997 5210 ³)
1011 5147 1040 5197 in
1053 5143 1129 5198 bonis
1144 5143 1229 5198 mam
1242 5141 1275 5200 Α.
1296 5175 1326 5182 -
1340 5143 1361 5208 ⁴)
1375 5150 1399 5199 et
1414 5145 1554 5198 inimicum
1567 5143 1601 5198 Α.
