<?xml version="1.0" encoding="UTF-8"?>
<!DOCTYPE html PUBLIC "-//W3C//DTD XHTML 1.0 Transitional//EN"
    "http://www.w3.org/TR/xhtml1/DTD/xhtml1-transitional.dtd">
<html xmlns="http://www.w3.org/1999/xhtml" xml:lang="en" lang="en">
 <head>
  <title>
</title>
<meta http-equiv="Content-Type" content="text/html;charset=utf-8" />
  <meta name='ocr-system' content='tesseract 3.04.00' />
  <meta name='ocr-capabilities' content='ocr_page ocr_carea ocr_par ocr_line ocrx_word'/>
</head>
<body>
  <div class='ocr_page' id='page_1' title='image "analectasacrasp04pitrgoog_0125.png"; bbox 0 0 3992 6092; ppageno 0'>
   <div class='ocr_carea' id='block_1_1' title="bbox 276 483 1183 548">
    <p class='ocr_par' dir='ltr' id='par_1_1' title="bbox 276 479 1978 600">
     <span class='ocr_line' id='line_1_1' title="bbox 276 483 1183 548; baseline -0.015 8"><span class='ocrx_word' id='word_1_1' title='bbox 276 483 319 546; x_wconf 70' lang='grc'>84</span> <span class='ocrx_word' id='word_1_2' title='bbox 850 499 877 546; x_wconf 85' lang='lat' dir='ltr'>s.</span> <span class='ocrx_word' id='word_1_3' title='bbox 908 498 1183 548; x_wconf 71' lang='lat' dir='ltr'>utconcsnnrs</span> 
     </span>
    </p>
   </div>
   <div class='ocr_carea' id='block_1_2' title="bbox 153 617 1815 3399">
    <p class='ocr_par' dir='ltr' id='par_1_2' title="bbox 153 617 1815 3399">
     <span class='ocr_line' id='line_1_2' title="bbox 237 617 1790 694; baseline 0 -19"><span class='ocrx_word' id='word_1_4' title='bbox 237 632 404 680; x_wconf 88' lang='lat' dir='ltr'>venenosa</span> <span class='ocrx_word' id='word_1_5' title='bbox 422 621 521 679; x_wconf 91' lang='lat' dir='ltr'>vulva</span> <span class='ocrx_word' id='word_1_6' title='bbox 539 632 599 694; x_wconf 89' lang='lat' dir='ltr'>per</span> <span class='ocrx_word' id='word_1_7' title='bbox 615 635 652 679; x_wconf 84' lang='lat' dir='ltr'>os</span> <span class='ocrx_word' id='word_1_8' title='bbox 670 617 849 694; x_wconf 84' lang='lat' dir='ltr'>Serpentis,</span> <span class='ocrx_word' id='word_1_9' title='bbox 868 620 925 694; x_wconf 90' lang='lat' dir='ltr'>qui</span> <span class='ocrx_word' id='word_1_10' title='bbox 943 620 976 678; x_wconf 94' lang='lat' dir='ltr'>in</span> <span class='ocrx_word' id='word_1_11' title='bbox 993 619 1187 694; x_wconf 80' lang='lat' dir='ltr'>deceptione</span> <span class='ocrx_word' id='word_1_12' title='bbox 1205 635 1264 678; x_wconf 89' lang='lat' dir='ltr'>sua</span> <span class='ocrx_word' id='word_1_13' title='bbox 1282 619 1513 694; x_wconf 88' lang='lat' dir='ltr'>interrogavit,</span> <span class='ocrx_word' id='word_1_14' title='bbox 1531 633 1590 677; x_wconf 89' lang='lat' dir='ltr'>our</span> <span class='ocrx_word' id='word_1_15' title='bbox 1616 617 1713 678; x_wconf 90' lang='lat' dir='ltr'>homo</span> <span class='ocrx_word' id='word_1_16' title='bbox 1729 631 1790 691; x_wconf 84' lang='lat' dir='ltr'>po·</span> 
     </span>
     <span class='ocr_line' id='line_1_3' title="bbox 238 720 1790 798; baseline 0 -20"><span class='ocrx_word' id='word_1_17' title='bbox 238 736 329 780; x_wconf 94' lang='lat' dir='ltr'>mum</span> <span class='ocrx_word' id='word_1_18' title='bbox 346 738 410 782; x_wconf 91' lang='lat' dir='ltr'>non</span> <span class='ocrx_word' id='word_1_19' title='bbox 437 723 662 782; x_wconf 82' lang='lat' dir='ltr'>manducaret.</span> <span class='ocrx_word' id='word_1_20' title='bbox 680 721 741 781; x_wconf 89' lang='lat' dir='ltr'>Sed</span> <span class='ocrx_word' id='word_1_21' title='bbox 767 722 899 798; x_wconf 86' lang='lat' dir='ltr'>quando</span> <span class='ocrx_word' id='word_1_22' title='bbox 916 723 1015 797; x_wconf 91' lang='lat' dir='ltr'>primi</span> <span class='ocrx_word' id='word_1_23' title='bbox 1040 727 1197 796; x_wconf 87' lang='lat' dir='ltr'>parentes</span> <span class='ocrx_word' id='word_1_24' title='bbox 1214 738 1274 797; x_wconf 90' lang='lat' dir='ltr'>per</span> <span class='ocrx_word' id='word_1_25' title='bbox 1297 722 1473 782; x_wconf 88' lang='lat' dir='ltr'>consilium</span> <span class='ocrx_word' id='word_1_26' title='bbox 1499 720 1669 798; x_wconf 79' lang='lat' dir='ltr'>Serpentis</span> <span class='ocrx_word' id='word_1_27' title='bbox 1693 735 1790 796; x_wconf 87' lang='lat' dir='ltr'>prae-</span> 
     </span>
     <span class='ocr_line' id='line_1_4' title="bbox 235 813 1786 901; baseline 0 -21"><span class='ocrx_word' id='word_1_28' title='bbox 235 830 370 898; x_wconf 90' lang='lat' dir='ltr'>ceptum</span> <span class='ocrx_word' id='word_1_29' title='bbox 393 825 451 884; x_wconf 91' lang='lat' dir='ltr'>Dei</span> <span class='ocrx_word' id='word_1_30' title='bbox 476 827 680 901; x_wconf 78' lang='lat' dir='ltr'>transgressi</span> <span class='ocrx_word' id='word_1_31' title='bbox 706 831 794 897; x_wconf 88' lang='lat' dir='ltr'>sunt,</span> <span class='ocrx_word' id='word_1_32' title='bbox 814 826 847 883; x_wconf 92' lang='lat' dir='ltr'>in</span> <span class='ocrx_word' id='word_1_33' title='bbox 865 832 971 884; x_wconf 90' lang='lat' dir='ltr'>morte</span> <span class='ocrx_word' id='word_1_34' title='bbox 996 813 1119 886; x_wconf 80' lang='lat' dir='ltr'>mortui</span> <span class='ocrx_word' id='word_1_35' title='bbox 1137 827 1226 898; x_wconf 89' lang='lat' dir='ltr'>sunt;</span> <span class='ocrx_word' id='word_1_36' title='bbox 1246 825 1331 885; x_wconf 91' lang='lat' dir='ltr'>unde</span> <span class='ocrx_word' id='word_1_37' title='bbox 1355 825 1457 883; x_wconf 87' lang='lat' dir='ltr'>etiam</span> <span class='ocrx_word' id='word_1_38' title='bbox 1475 825 1663 884; x_wconf 86' lang='lat' dir='ltr'>alienentur</span> <span class='ocrx_word' id='word_1_39' title='bbox 1681 837 1720 882; x_wconf 80' lang='lat' dir='ltr'>ex</span> <span class='ocrx_word' id='word_1_40' title='bbox 1736 823 1786 880; x_wconf 86' lang='lat' dir='ltr'>eis</span> 
     </span>
     <span class='ocr_line' id='line_1_5' title="bbox 236 928 1786 1006; baseline -0.005 -16"><span class='ocrx_word' id='word_1_41' title='bbox 236 931 306 990; x_wconf 88' lang='lat' dir='ltr'>nati</span> <span class='ocrx_word' id='word_1_42' title='bbox 323 931 382 993; x_wconf 84' lang='lat' dir='ltr'>filii</span> <span class='ocrx_word' id='word_1_43' title='bbox 399 932 432 991; x_wconf 93' lang='lat' dir='ltr'>in</span> <span class='ocrx_word' id='word_1_44' title='bbox 448 933 556 1006; x_wconf 90' lang='lat' dir='ltr'>prima</span> <span class='ocrx_word' id='word_1_45' title='bbox 573 931 789 1005; x_wconf 84' lang='lat' dir='ltr'>conceptione</span> <span class='ocrx_word' id='word_1_46' title='bbox 806 947 877 1003; x_wconf 90' lang='lat' dir='ltr'>sua,</span> <span class='ocrx_word' id='word_1_47' title='bbox 903 945 963 1005; x_wconf 92' lang='lat' dir='ltr'>per</span> <span class='ocrx_word' id='word_1_48' title='bbox 980 937 1122 990; x_wconf 89' lang='lat' dir='ltr'>mortem</span> <span class='ocrx_word' id='word_1_49' title='bbox 1146 931 1324 991; x_wconf 86' lang='lat' dir='ltr'>oblivionis</span> <span class='ocrx_word' id='word_1_50' title='bbox 1346 929 1417 1002; x_wconf 87' lang='lat' dir='ltr'>Dei,</span> <span class='ocrx_word' id='word_1_51' title='bbox 1435 946 1454 988; x_wconf 91' lang='lat' dir='ltr'>a</span> <span class='ocrx_word' id='word_1_52' title='bbox 1479 928 1684 1002; x_wconf 88' lang='lat' dir='ltr'>protectione</span> <span class='ocrx_word' id='word_1_53' title='bbox 1709 941 1786 984; x_wconf 89' lang='lat' dir='ltr'>san·</span> 
     </span>
     <span class='ocr_line' id='line_1_6' title="bbox 238 1031 1789 1111; baseline -0.003 -17"><span class='ocrx_word' id='word_1_54' title='bbox 238 1036 378 1109; x_wconf 85' lang='lat' dir='ltr'>ctitatis;</span> <span class='ocrx_word' id='word_1_55' title='bbox 397 1043 431 1095; x_wconf 91' lang='lat' dir='ltr'>et</span> <span class='ocrx_word' id='word_1_56' title='bbox 447 1036 489 1095; x_wconf 93' lang='lat' dir='ltr'>ob</span> <span class='ocrx_word' id='word_1_57' title='bbox 507 1035 570 1095; x_wconf 94' lang='lat' dir='ltr'>hoc</span> <span class='ocrx_word' id='word_1_58' title='bbox 588 1051 743 1111; x_wconf 89' lang='lat' dir='ltr'>magnam</span> <span class='ocrx_word' id='word_1_59' title='bbox 759 1039 794 1094; x_wconf 86' lang='lat' dir='ltr'>et</span> <span class='ocrx_word' id='word_1_60' title='bbox 810 1041 1047 1110; x_wconf 76' lang='lat' dir='ltr'>congruentem</span> <span class='ocrx_word' id='word_1_61' title='bbox 1064 1036 1300 1096; x_wconf 80' lang='lat' dir='ltr'>abstinentiam</span> <span class='ocrx_word' id='word_1_62' title='bbox 1317 1035 1469 1095; x_wconf 90' lang='lat' dir='ltr'>homines</span> <span class='ocrx_word' id='word_1_63' title='bbox 1487 1035 1520 1094; x_wconf 91' lang='lat' dir='ltr'>in</span> <span class='ocrx_word' id='word_1_64' title='bbox 1537 1034 1623 1093; x_wconf 90' lang='lat' dir='ltr'>cibis</span> <span class='ocrx_word' id='word_1_65' title='bbox 1641 1033 1713 1092; x_wconf 86' lang='lat' dir='ltr'>suis</span> <span class='ocrx_word' id='word_1_66' title='bbox 1729 1031 1789 1090; x_wconf 87' lang='lat' dir='ltr'>ha-</span> 
     </span>
     <span class='ocr_line' id='line_1_7' title="bbox 235 1135 1786 1214; baseline -0.003 -18"><span class='ocrx_word' id='word_1_67' title='bbox 235 1137 347 1211; x_wconf 83' lang='lat' dir='ltr'>beant,</span> <span class='ocrx_word' id='word_1_68' title='bbox 365 1137 524 1214; x_wconf 91' lang='lat' dir='ltr'>quoniam</span> <span class='ocrx_word' id='word_1_69' title='bbox 542 1137 700 1213; x_wconf 89' lang='lat' dir='ltr'>antiquus</span> <span class='ocrx_word' id='word_1_70' title='bbox 718 1138 826 1197; x_wconf 90' lang='lat' dir='ltr'>hostis</span> <span class='ocrx_word' id='word_1_71' title='bbox 844 1138 876 1196; x_wconf 94' lang='lat' dir='ltr'>in</span> <span class='ocrx_word' id='word_1_72' title='bbox 895 1137 1100 1213; x_wconf 81' lang='lat' dir='ltr'>deglutiente</span> <span class='ocrx_word' id='word_1_73' title='bbox 1117 1143 1253 1213; x_wconf 87' lang='lat' dir='ltr'>gutture</span> <span class='ocrx_word' id='word_1_74' title='bbox 1270 1155 1330 1198; x_wconf 89' lang='lat' dir='ltr'>suo</span> <span class='ocrx_word' id='word_1_75' title='bbox 1358 1139 1525 1199; x_wconf 90' lang='lat' dir='ltr'>hominem</span> <span class='ocrx_word' id='word_1_76' title='bbox 1542 1137 1616 1196; x_wconf 91' lang='lat' dir='ltr'>cibo</span> <span class='ocrx_word' id='word_1_77' title='bbox 1641 1135 1786 1211; x_wconf 88' lang='lat' dir='ltr'>primurn</span> 
     </span>
     <span class='ocr_line' id='line_1_8' title="bbox 235 1240 1815 1316; baseline -0.003 -16"><span class='ocrx_word' id='word_1_78' title='bbox 235 1241 376 1316; x_wconf 85' lang='lat' dir='ltr'>decepit.</span> <span class='ocrx_word' id='word_1_79' title='bbox 398 1242 480 1302; x_wconf 89' lang='lat' dir='ltr'>Cum</span> <span class='ocrx_word' id='word_1_80' title='bbox 497 1243 586 1301; x_wconf 92' lang='lat' dir='ltr'>enim</span> <span class='ocrx_word' id='word_1_81' title='bbox 602 1247 722 1316; x_wconf 85' lang='lat' dir='ltr'>gustus</span> <span class='ocrx_word' id='word_1_82' title='bbox 740 1240 883 1301; x_wconf 89' lang='lat' dir='ltr'>hominis</span> <span class='ocrx_word' id='word_1_83' title='bbox 900 1241 1013 1300; x_wconf 88' lang='lat' dir='ltr'>cibum</span> <span class='ocrx_word' id='word_1_84' title='bbox 1029 1242 1263 1316; x_wconf 86' lang='lat' dir='ltr'>postulaverit,</span> <span class='ocrx_word' id='word_1_85' title='bbox 1282 1243 1372 1302; x_wconf 91' lang='lat' dir='ltr'>illico</span> <span class='ocrx_word' id='word_1_86' title='bbox 1390 1243 1532 1302; x_wconf 91' lang='lat' dir='ltr'>avaritia</span> <span class='ocrx_word' id='word_1_87' title='bbox 1550 1241 1707 1315; x_wconf 87' lang='lat' dir='ltr'>occurrit,</span> <span class='ocrx_word' id='word_1_88' title='bbox 1725 1253 1786 1314; x_wconf 90' lang='lat' dir='ltr'>per</span> <span class='ocrx_word' id='word_1_89' title='bbox 1812 1269 1815 1274; x_wconf 93' lang='lat'>·</span> 
     </span>
     <span class='ocr_line' id='line_1_9' title="bbox 236 1341 1787 1418; baseline -0.002 -17"><span class='ocrx_word' id='word_1_90' title='bbox 236 1359 337 1417; x_wconf 90' lang='lat' dir='ltr'>quam</span> <span class='ocrx_word' id='word_1_91' title='bbox 354 1358 393 1402; x_wconf 86' lang='lat' dir='ltr'>ex</span> <span class='ocrx_word' id='word_1_92' title='bbox 409 1343 564 1402; x_wconf 90' lang='lat' dir='ltr'>omnibus</span> <span class='ocrx_word' id='word_1_93' title='bbox 582 1341 667 1403; x_wconf 91' lang='lat' dir='ltr'>cibis</span> <span class='ocrx_word' id='word_1_94' title='bbox 685 1349 837 1402; x_wconf 87' lang='lat' dir='ltr'>ventrem</span> <span class='ocrx_word' id='word_1_95' title='bbox 854 1359 952 1403; x_wconf 90' lang='lat' dir='ltr'>suum</span> <span class='ocrx_word' id='word_1_96' title='bbox 978 1343 1125 1418; x_wconf 88' lang='lat' dir='ltr'>impleat,</span> <span class='ocrx_word' id='word_1_97' title='bbox 1145 1350 1178 1403; x_wconf 90' lang='lat' dir='ltr'>et</span> <span class='ocrx_word' id='word_1_98' title='bbox 1202 1359 1318 1403; x_wconf 89' lang='lat' dir='ltr'>ornnes</span> <span class='ocrx_word' id='word_1_99' title='bbox 1338 1346 1412 1404; x_wconf 92' lang='lat' dir='ltr'>vias</span> <span class='ocrx_word' id='word_1_100' title='bbox 1436 1345 1543 1404; x_wconf 88' lang='lat' dir='ltr'>bonae</span> <span class='ocrx_word' id='word_1_101' title='bbox 1567 1343 1728 1402; x_wconf 84' lang='lat' dir='ltr'>scientiae</span> <span class='ocrx_word' id='word_1_102' title='bbox 1753 1341 1787 1398; x_wconf 94' lang='lat' dir='ltr'>in</span> 
     </span>
     <span class='ocr_line' id='line_1_10' title="bbox 234 1444 1784 1522; baseline -0.003 -16"><span class='ocrx_word' id='word_1_103' title='bbox 234 1463 385 1508; x_wconf 90' lang='lat' dir='ltr'>errorem</span> <span class='ocrx_word' id='word_1_104' title='bbox 400 1448 511 1507; x_wconf 90' lang='lat' dir='ltr'>ducat.</span> <span class='ocrx_word' id='word_1_105' title='bbox 528 1448 567 1506; x_wconf 82' lang='lat' dir='ltr'>Et</span> <span class='ocrx_word' id='word_1_106' title='bbox 585 1447 634 1507; x_wconf 89' lang='lat' dir='ltr'>sic</span> <span class='ocrx_word' id='word_1_107' title='bbox 652 1447 803 1506; x_wconf 88' lang='lat' dir='ltr'>homines</span> <span class='ocrx_word' id='word_1_108' title='bbox 820 1453 1019 1507; x_wconf 87' lang='lat' dir='ltr'>erraverunt</span> <span class='ocrx_word' id='word_1_109' title='bbox 1035 1448 1077 1507; x_wconf 89' lang='lat' dir='ltr'>ab</span> <span class='ocrx_word' id='word_1_110' title='bbox 1094 1455 1201 1522; x_wconf 88' lang='lat' dir='ltr'>utero,</span> <span class='ocrx_word' id='word_1_111' title='bbox 1221 1448 1351 1508; x_wconf 87' lang='lat' dir='ltr'>scilicet</span> <span class='ocrx_word' id='word_1_112' title='bbox 1367 1465 1444 1508; x_wconf 90' lang='lat' dir='ltr'>cum</span> <span class='ocrx_word' id='word_1_113' title='bbox 1459 1449 1559 1522; x_wconf 89' lang='lat' dir='ltr'>primi</span> <span class='ocrx_word' id='word_1_114' title='bbox 1576 1449 1733 1522; x_wconf 89' lang='lat' dir='ltr'>parentes</span> <span class='ocrx_word' id='word_1_115' title='bbox 1751 1444 1784 1502; x_wconf 93' lang='lat' dir='ltr'>in</span> 
     </span>
     <span class='ocr_line' id='line_1_11' title="bbox 234 1553 1788 1631; baseline -0.005 -16"><span class='ocrx_word' id='word_1_116' title='bbox 234 1556 343 1631; x_wconf 87' lang='lat' dir='ltr'>primo</span> <span class='ocrx_word' id='word_1_117' title='bbox 360 1555 515 1630; x_wconf 85' lang='lat' dir='ltr'>originali</span> <span class='ocrx_word' id='word_1_118' title='bbox 533 1559 670 1630; x_wconf 89' lang='lat' dir='ltr'>peccato</span> <span class='ocrx_word' id='word_1_119' title='bbox 687 1559 863 1629; x_wconf 89' lang='lat' dir='ltr'>peccatum</span> <span class='ocrx_word' id='word_1_120' title='bbox 881 1553 1095 1629; x_wconf 84' lang='lat' dir='ltr'>incipiebant,</span> <span class='ocrx_word' id='word_1_121' title='bbox 1115 1561 1147 1613; x_wconf 89' lang='lat' dir='ltr'>et</span> <span class='ocrx_word' id='word_1_122' title='bbox 1164 1570 1241 1613; x_wconf 90' lang='lat' dir='ltr'>cum</span> <span class='ocrx_word' id='word_1_123' title='bbox 1258 1560 1375 1629; x_wconf 88' lang='lat' dir='ltr'>postea</span> <span class='ocrx_word' id='word_1_124' title='bbox 1392 1554 1508 1614; x_wconf 87' lang='lat' dir='ltr'>eadem</span> <span class='ocrx_word' id='word_1_125' title='bbox 1534 1553 1699 1628; x_wconf 89' lang='lat' dir='ltr'>vertigine</span> <span class='ocrx_word' id='word_1_126' title='bbox 1716 1565 1788 1608; x_wconf 82' lang='lat' dir='ltr'>mo-</span> 
     </span>
     <span class='ocr_line' id='line_1_12' title="bbox 237 1655 1785 1734; baseline -0.004 -16"><span class='ocrx_word' id='word_1_127' title='bbox 237 1658 323 1719; x_wconf 91' lang='lat' dir='ltr'>biles</span> <span class='ocrx_word' id='word_1_128' title='bbox 341 1659 382 1718; x_wconf 88' lang='lat' dir='ltr'>ad</span> <span class='ocrx_word' id='word_1_129' title='bbox 398 1665 572 1734; x_wconf 90' lang='lat' dir='ltr'>peccatum</span> <span class='ocrx_word' id='word_1_130' title='bbox 590 1659 723 1734; x_wconf 84' lang='lat' dir='ltr'>fiebant;</span> <span class='ocrx_word' id='word_1_131' title='bbox 742 1675 817 1719; x_wconf 89' lang='lat' dir='ltr'>nam</span> <span class='ocrx_word' id='word_1_132' title='bbox 834 1664 912 1733; x_wconf 93' lang='lat' dir='ltr'>post</span> <span class='ocrx_word' id='word_1_133' title='bbox 928 1664 1064 1734; x_wconf 88' lang='lat' dir='ltr'>gustum</span> <span class='ocrx_word' id='word_1_134' title='bbox 1081 1659 1147 1718; x_wconf 89' lang='lat' dir='ltr'>cibi</span> <span class='ocrx_word' id='word_1_135' title='bbox 1164 1664 1284 1734; x_wconf 87' lang='lat' dir='ltr'>gustus</span> <span class='ocrx_word' id='word_1_136' title='bbox 1301 1660 1429 1733; x_wconf 90' lang='lat' dir='ltr'>peccati</span> <span class='ocrx_word' id='word_1_137' title='bbox 1447 1657 1554 1732; x_wconf 86' lang='lat' dir='ltr'>alluit,</span> <span class='ocrx_word' id='word_1_138' title='bbox 1572 1665 1602 1717; x_wconf 91' lang='lat' dir='ltr'>et</span> <span class='ocrx_word' id='word_1_139' title='bbox 1627 1673 1702 1715; x_wconf 90' lang='lat' dir='ltr'>curn</span> <span class='ocrx_word' id='word_1_140' title='bbox 1720 1655 1785 1714; x_wconf 90' lang='lat' dir='ltr'>ista</span> 
     </span>
     <span class='ocr_line' id='line_1_13' title="bbox 233 1758 1789 1838; baseline -0.004 -16"><span class='ocrx_word' id='word_1_141' title='bbox 233 1763 459 1838; x_wconf 81' lang='lat' dir='ltr'>perfecerunt,</span> <span class='ocrx_word' id='word_1_142' title='bbox 486 1763 588 1823; x_wconf 91' lang='lat' dir='ltr'>locuti</span> <span class='ocrx_word' id='word_1_143' title='bbox 606 1769 684 1822; x_wconf 88' lang='lat' dir='ltr'>sunt</span> <span class='ocrx_word' id='word_1_144' title='bbox 710 1763 807 1832; x_wconf 84' lang='lat' dir='ltr'>falsa,</span> <span class='ocrx_word' id='word_1_145' title='bbox 826 1763 906 1838; x_wconf 91' lang='lat' dir='ltr'>quia</span> <span class='ocrx_word' id='word_1_146' title='bbox 922 1761 1082 1822; x_wconf 89' lang='lat' dir='ltr'>Diabolus</span> <span class='ocrx_word' id='word_1_147' title='bbox 1107 1779 1264 1838; x_wconf 89' lang='lat' dir='ltr'>magnum</span> <span class='ocrx_word' id='word_1_148' title='bbox 1289 1761 1498 1823; x_wconf 87' lang='lat' dir='ltr'>mendacium</span> <span class='ocrx_word' id='word_1_149' title='bbox 1521 1760 1715 1837; x_wconf 86' lang='lat' dir='ltr'>percibum</span> <span class='ocrx_word' id='word_1_150' title='bbox 1740 1758 1789 1817; x_wconf 93' lang='lat' dir='ltr'>in-</span> 
     </span>
     <span class='ocr_line' id='line_1_14' title="bbox 213 1857 1785 1944; baseline -0.004 -18"><span class='ocrx_word' id='word_1_151' title='bbox 213 1857 217 1864; x_wconf 78' lang='grc'><strong>’</strong></span> <span class='ocrx_word' id='word_1_152' title='bbox 237 1858 371 1942; x_wconf 86' lang='lat' dir='ltr'>struxit,</span> <span class='ocrx_word' id='word_1_153' title='bbox 390 1884 456 1944; x_wconf 91' lang='lat' dir='ltr'>quo</span> <span class='ocrx_word' id='word_1_154' title='bbox 472 1867 576 1928; x_wconf 88' lang='lat' dir='ltr'>Deum</span> <span class='ocrx_word' id='word_1_155' title='bbox 593 1873 627 1926; x_wconf 90' lang='lat' dir='ltr'>et</span> <span class='ocrx_word' id='word_1_156' title='bbox 640 1867 809 1942; x_wconf 88' lang='lat' dir='ltr'>justitiam</span> <span class='ocrx_word' id='word_1_157' title='bbox 825 1867 899 1943; x_wconf 88' lang='lat' dir='ltr'>ejus</span> <span class='ocrx_word' id='word_1_158' title='bbox 917 1867 1105 1942; x_wconf 86' lang='lat' dir='ltr'>abnegavit.</span> <span class='ocrx_word' id='word_1_159' title='bbox 1123 1865 1177 1926; x_wconf 87' lang='lat' dir='ltr'>Sic</span> <span class='ocrx_word' id='word_1_160' title='bbox 1200 1867 1303 1926; x_wconf 87' lang='lat' dir='ltr'>etiam</span> <span class='ocrx_word' id='word_1_161' title='bbox 1319 1873 1353 1925; x_wconf 89' lang='lat' dir='ltr'>et</span> <span class='ocrx_word' id='word_1_162' title='bbox 1371 1883 1486 1926; x_wconf 90' lang='lat' dir='ltr'>omnes</span> <span class='ocrx_word' id='word_1_163' title='bbox 1504 1866 1553 1926; x_wconf 92' lang='lat' dir='ltr'>illi</span> <span class='ocrx_word' id='word_1_164' title='bbox 1571 1864 1710 1937; x_wconf 87' lang='lat' dir='ltr'>iaciunt,</span> <span class='ocrx_word' id='word_1_165' title='bbox 1728 1862 1785 1939; x_wconf 94' lang='lat' dir='ltr'>qui</span> 
     </span>
     <span class='ocr_line' id='line_1_15' title="bbox 236 1969 1794 2048; baseline -0.004 -16"><span class='ocrx_word' id='word_1_166' title='bbox 236 1972 373 2048; x_wconf 89' lang='lat' dir='ltr'>crapula</span> <span class='ocrx_word' id='word_1_167' title='bbox 398 1971 464 2032; x_wconf 87' lang='lat' dir='ltr'>cibi</span> <span class='ocrx_word' id='word_1_168' title='bbox 481 1978 514 2031; x_wconf 92' lang='lat' dir='ltr'>et</span> <span class='ocrx_word' id='word_1_169' title='bbox 538 1972 702 2032; x_wconf 87' lang='lat' dir='ltr'>ebrietate</span> <span class='ocrx_word' id='word_1_170' title='bbox 725 1971 794 2030; x_wconf 93' lang='lat' dir='ltr'>vini</span> <span class='ocrx_word' id='word_1_171' title='bbox 819 1978 970 2031; x_wconf 90' lang='lat' dir='ltr'>ventrem</span> <span class='ocrx_word' id='word_1_172' title='bbox 995 1972 1146 2030; x_wconf 90' lang='lat' dir='ltr'>suumin</span> <span class='ocrx_word' id='word_1_173' title='bbox 1162 1972 1347 2030; x_wconf 88' lang='lat' dir='ltr'>voracitate</span> <span class='ocrx_word' id='word_1_174' title='bbox 1364 1971 1511 2045; x_wconf 90' lang='lat' dir='ltr'>implent.</span> <span class='ocrx_word' id='word_1_175' title='bbox 1536 1970 1598 2029; x_wconf 91' lang='lat' dir='ltr'>Per</span> <span class='ocrx_word' id='word_1_176' title='bbox 1614 1969 1794 2043; x_wconf 24' lang='lat' dir='ltr'>crapulam*</span> 
     </span>
     <span class='ocr_line' id='line_1_16' title="bbox 236 2073 1787 2151; baseline -0.002 -16"><span class='ocrx_word' id='word_1_177' title='bbox 236 2076 325 2135; x_wconf 91' lang='lat' dir='ltr'>enim</span> <span class='ocrx_word' id='word_1_178' title='bbox 350 2075 409 2135; x_wconf 87' lang='lat' dir='ltr'>lilii</span> <span class='ocrx_word' id='word_1_179' title='bbox 438 2075 609 2135; x_wconf 90' lang='lat' dir='ltr'>hominurn</span> <span class='ocrx_word' id='word_1_180' title='bbox 637 2075 816 2135; x_wconf 88' lang='lat' dir='ltr'>mendaces</span> <span class='ocrx_word' id='word_1_181' title='bbox 845 2081 943 2150; x_wconf 86' lang='lat' dir='ltr'>sunt,</span> <span class='ocrx_word' id='word_1_182' title='bbox 969 2081 1208 2151; x_wconf 88' lang='lat' dir='ltr'>postponentes</span> <span class='ocrx_word' id='word_1_183' title='bbox 1237 2081 1270 2135; x_wconf 88' lang='lat' dir='ltr'>et</span> <span class='ocrx_word' id='word_1_184' title='bbox 1298 2075 1502 2150; x_wconf 89' lang='lat' dir='ltr'>abnegantes</span> <span class='ocrx_word' id='word_1_185' title='bbox 1529 2075 1718 2134; x_wconf 88' lang='lat' dir='ltr'>veritatem.</span> <span class='ocrx_word' id='word_1_186' title='bbox 1746 2073 1787 2133; x_wconf 89' lang='lat' dir='ltr'>Et</span> 
     </span>
     <span class='ocr_line' id='line_1_17' title="bbox 235 2179 1785 2257; baseline -0.002 -16"><span class='ocrx_word' id='word_1_187' title='bbox 235 2184 393 2257; x_wconf 90' lang='lat' dir='ltr'>quoniam</span> <span class='ocrx_word' id='word_1_188' title='bbox 410 2182 530 2256; x_wconf 88' lang='lat' dir='ltr'>origini</span> <span class='ocrx_word' id='word_1_189' title='bbox 557 2181 728 2240; x_wconf 88' lang='lat' dir='ltr'>hominurn</span> <span class='ocrx_word' id='word_1_190' title='bbox 746 2181 919 2256; x_wconf 85' lang='lat' dir='ltr'>suggestio</span> <span class='ocrx_word' id='word_1_191' title='bbox 936 2179 1065 2240; x_wconf 90' lang='lat' dir='ltr'>Diaboli</span> <span class='ocrx_word' id='word_1_192' title='bbox 1090 2181 1201 2252; x_wconf 89' lang='lat' dir='ltr'>adest,</span> <span class='ocrx_word' id='word_1_193' title='bbox 1220 2179 1371 2239; x_wconf 90' lang='lat' dir='ltr'>homines</span> <span class='ocrx_word' id='word_1_194' title='bbox 1397 2179 1568 2238; x_wconf 90' lang='lat' dir='ltr'>mendacia</span> <span class='ocrx_word' id='word_1_195' title='bbox 1593 2181 1785 2255; x_wconf 90' lang='lat' dir='ltr'>loquuntur,</span> 
     </span>
     <span class='ocr_line' id='line_1_18' title="bbox 153 2263 1786 2359; baseline 0 -15"><span class='ocrx_word' id='word_1_196' title='bbox 153 2263 158 2272; x_wconf 51' lang='grc'><em>“</em></span> <span class='ocrx_word' id='word_1_197' title='bbox 237 2286 324 2345; x_wconf 90' lang='lat' dir='ltr'>sicut</span> <span class='ocrx_word' id='word_1_198' title='bbox 339 2291 374 2344; x_wconf 92' lang='lat' dir='ltr'>et</span> <span class='ocrx_word' id='word_1_199' title='bbox 389 2284 548 2344; x_wconf 90' lang='lat' dir='ltr'>Diabolus</span> <span class='ocrx_word' id='word_1_200' title='bbox 568 2283 657 2359; x_wconf 84' lang='lat' dir='ltr'>iacit,</span> <span class='ocrx_word' id='word_1_201' title='bbox 672 2291 705 2344; x_wconf 90' lang='lat' dir='ltr'>et</span> <span class='ocrx_word' id='word_1_202' title='bbox 722 2283 770 2343; x_wconf 90' lang='lat' dir='ltr'>ita</span> <span class='ocrx_word' id='word_1_203' title='bbox 787 2300 823 2342; x_wconf 90' lang='lat' dir='ltr'>se</span> <span class='ocrx_word' id='word_1_204' title='bbox 842 2284 933 2356; x_wconf 90' lang='lat' dir='ltr'>ipsos</span> <span class='ocrx_word' id='word_1_205' title='bbox 950 2289 984 2342; x_wconf 88' lang='lat' dir='ltr'>et</span> <span class='ocrx_word' id='word_1_206' title='bbox 1000 2283 1085 2344; x_wconf 90' lang='lat' dir='ltr'>alios</span> <span class='ocrx_word' id='word_1_207' title='bbox 1102 2282 1267 2342; x_wconf 90' lang='lat' dir='ltr'>occidunt.</span> <span class='ocrx_word' id='word_1_208' title='bbox 1284 2283 1366 2342; x_wconf 89' lang='lat' dir='ltr'>Cum</span> <span class='ocrx_word' id='word_1_209' title='bbox 1382 2283 1470 2342; x_wconf 88' lang='lat' dir='ltr'>enim</span> <span class='ocrx_word' id='word_1_210' title='bbox 1486 2281 1564 2357; x_wconf 90' lang='lat' dir='ltr'>Deo,</span> <span class='ocrx_word' id='word_1_211' title='bbox 1583 2284 1640 2358; x_wconf 94' lang='lat' dir='ltr'>qui</span> <span class='ocrx_word' id='word_1_212' title='bbox 1657 2284 1786 2344; x_wconf 91' lang='lat' dir='ltr'>coelum</span> 
     </span>
     <span class='ocr_line' id='line_1_19' title="bbox 234 2387 1788 2476; baseline 0.001 -27"><span class='ocrx_word' id='word_1_213' title='bbox 234 2396 268 2449; x_wconf 94' lang='lat' dir='ltr'>et</span> <span class='ocrx_word' id='word_1_214' title='bbox 285 2393 409 2451; x_wconf 83' lang='lat' dir='ltr'>terrani</span> <span class='ocrx_word' id='word_1_215' title='bbox 426 2391 565 2463; x_wconf 88' lang='lat' dir='ltr'>creavit,</span> <span class='ocrx_word' id='word_1_216' title='bbox 584 2405 621 2448; x_wconf 91' lang='lat' dir='ltr'>se</span> <span class='ocrx_word' id='word_1_217' title='bbox 644 2395 825 2464; x_wconf 88' lang='lat' dir='ltr'>opponunt,</span> <span class='ocrx_word' id='word_1_218' title='bbox 845 2389 901 2448; x_wconf 92' lang='lat' dir='ltr'>ubi</span> <span class='ocrx_word' id='word_1_219' title='bbox 918 2392 1017 2448; x_wconf 90' lang='lat' dir='ltr'>erunt</span> <span class='ocrx_word' id='word_1_220' title='bbox 1040 2389 1157 2476; x_wconf 83' lang='lat' dir='ltr'>nisiin</span> <span class='ocrx_word' id='word_1_221' title='bbox 1182 2387 1328 2448; x_wconf 74' lang='lat' dir='ltr'>inferno?</span> <span class='ocrx_word' id='word_1_222' title='bbox 1344 2387 1407 2448; x_wconf 88' lang='lat' dir='ltr'>Sed</span> <span class='ocrx_word' id='word_1_223' title='bbox 1430 2394 1464 2446; x_wconf 90' lang='lat' dir='ltr'>et</span> <span class='ocrx_word' id='word_1_224' title='bbox 1487 2388 1652 2448; x_wconf 90' lang='lat' dir='ltr'>interdum</span> <span class='ocrx_word' id='word_1_225' title='bbox 1677 2391 1788 2465; x_wconf 90' lang='lat' dir='ltr'>perdi-</span> 
     </span>
     <span class='ocr_line' id='line_1_20' title="bbox 236 2489 1786 2566; baseline -0.001 -12"><span class='ocrx_word' id='word_1_226' title='bbox 236 2495 359 2554; x_wconf 86' lang='lat' dir='ltr'>tionem</span> <span class='ocrx_word' id='word_1_227' title='bbox 384 2494 489 2552; x_wconf 91' lang='lat' dir='ltr'>vitam</span> <span class='ocrx_word' id='word_1_228' title='bbox 514 2493 696 2565; x_wconf 91' lang='lat' dir='ltr'>nominant,</span> <span class='ocrx_word' id='word_1_229' title='bbox 724 2507 764 2550; x_wconf 90' lang='lat' dir='ltr'>ac</span> <span class='ocrx_word' id='word_1_230' title='bbox 788 2492 918 2550; x_wconf 88' lang='lat' dir='ltr'>coelum</span> <span class='ocrx_word' id='word_1_231' title='bbox 943 2507 1019 2550; x_wconf 90' lang='lat' dir='ltr'>cum</span> <span class='ocrx_word' id='word_1_232' title='bbox 1043 2492 1156 2552; x_wconf 90' lang='lat' dir='ltr'>verbis</span> <span class='ocrx_word' id='word_1_233' title='bbox 1181 2491 1401 2566; x_wconf 89' lang='lat' dir='ltr'>sibimetipsis</span> <span class='ocrx_word' id='word_1_234' title='bbox 1427 2505 1463 2550; x_wconf 88' lang='lat' dir='ltr'>se</span> <span class='ocrx_word' id='word_1_235' title='bbox 1489 2489 1599 2549; x_wconf 83' lang='lat' dir='ltr'>facere</span> <span class='ocrx_word' id='word_1_236' title='bbox 1624 2491 1786 2566; x_wconf 87' lang='lat' dir='ltr'>similant,</span> 
     </span>
     <span class='ocr_line' id='line_1_21' title="bbox 235 2579 1788 2674; baseline 0.001 -17"><span class='ocrx_word' id='word_1_237' title='bbox 235 2597 323 2674; x_wconf 90' lang='lat' dir='ltr'>quod</span> <span class='ocrx_word' id='word_1_238' title='bbox 340 2613 511 2673; x_wconf 88' lang='lat' dir='ltr'>nunquam</span> <span class='ocrx_word' id='word_1_239' title='bbox 528 2579 694 2669; x_wconf 81' lang='lat' dir='ltr'>viderunt,</span> <span class='ocrx_word' id='word_1_240' title='bbox 712 2601 746 2654; x_wconf 89' lang='lat' dir='ltr'>et</span> <span class='ocrx_word' id='word_1_241' title='bbox 762 2595 850 2671; x_wconf 91' lang='lat' dir='ltr'>quod</span> <span class='ocrx_word' id='word_1_242' title='bbox 867 2612 1037 2672; x_wconf 89' lang='lat' dir='ltr'>nunquam</span> <span class='ocrx_word' id='word_1_243' title='bbox 1055 2596 1164 2656; x_wconf 87' lang='lat' dir='ltr'>lacere</span> <span class='ocrx_word' id='word_1_244' title='bbox 1182 2602 1348 2670; x_wconf 83' lang='lat' dir='ltr'>poterunt3</span> <span class='ocrx_word' id='word_1_245' title='bbox 1368 2601 1402 2654; x_wconf 92' lang='lat' dir='ltr'>et</span> <span class='ocrx_word' id='word_1_246' title='bbox 1419 2597 1521 2655; x_wconf 91' lang='lat' dir='ltr'>etiam</span> <span class='ocrx_word' id='word_1_247' title='bbox 1539 2596 1627 2672; x_wconf 92' lang='lat' dir='ltr'>quod</span> <span class='ocrx_word' id='word_1_248' title='bbox 1643 2597 1788 2671; x_wconf 90' lang='lat' dir='ltr'>perditio</span> 
     </span>
     <span class='ocr_line' id='line_1_22' title="bbox 238 2697 1791 2784; baseline 0.003 -26"><span class='ocrx_word' id='word_1_249' title='bbox 238 2705 301 2773; x_wconf 91' lang='lat' dir='ltr'>est,</span> <span class='ocrx_word' id='word_1_250' title='bbox 318 2713 474 2773; x_wconf 89' lang='lat' dir='ltr'>magnum</span> <span class='ocrx_word' id='word_1_251' title='bbox 488 2697 645 2757; x_wconf 92' lang='lat' dir='ltr'>honorem</span> <span class='ocrx_word' id='word_1_252' title='bbox 659 2698 785 2771; x_wconf 89' lang='lat' dir='ltr'>dicunt;</span> <span class='ocrx_word' id='word_1_253' title='bbox 805 2713 844 2758; x_wconf 92' lang='lat' dir='ltr'>ac</span> <span class='ocrx_word' id='word_1_254' title='bbox 861 2700 1045 2760; x_wconf 88' lang='lat' dir='ltr'>mendaciis</span> <span class='ocrx_word' id='word_1_255' title='bbox 1063 2701 1135 2760; x_wconf 89' lang='lat' dir='ltr'>suis</span> <span class='ocrx_word' id='word_1_256' title='bbox 1153 2699 1320 2760; x_wconf 89' lang='lat' dir='ltr'>hominem</span> <span class='ocrx_word' id='word_1_257' title='bbox 1339 2700 1373 2759; x_wconf 94' lang='lat' dir='ltr'>in</span> <span class='ocrx_word' id='word_1_258' title='bbox 1390 2698 1545 2760; x_wconf 91' lang='lat' dir='ltr'>omnibus</span> <span class='ocrx_word' id='word_1_259' title='bbox 1563 2698 1791 2784; x_wconf 83' lang='lat' dir='ltr'>modisdesti-</span> 
     </span>
     <span class='ocr_line' id='line_1_23' title="bbox 237 2801 1787 2880; baseline 0.002 -18"><span class='ocrx_word' id='word_1_260' title='bbox 237 2808 346 2876; x_wconf 91' lang='lat' dir='ltr'>tuunt;</span> <span class='ocrx_word' id='word_1_261' title='bbox 366 2801 533 2861; x_wconf 92' lang='lat' dir='ltr'>hominem</span> <span class='ocrx_word' id='word_1_262' title='bbox 550 2818 683 2878; x_wconf 91' lang='lat' dir='ltr'>quoque</span> <span class='ocrx_word' id='word_1_263' title='bbox 700 2817 760 2877; x_wconf 89' lang='lat' dir='ltr'>per</span> <span class='ocrx_word' id='word_1_264' title='bbox 777 2803 966 2862; x_wconf 90' lang='lat' dir='ltr'>illusionem</span> <span class='ocrx_word' id='word_1_265' title='bbox 984 2803 1131 2878; x_wconf 91' lang='lat' dir='ltr'>laudant,</span> <span class='ocrx_word' id='word_1_266' title='bbox 1150 2820 1189 2863; x_wconf 91' lang='lat' dir='ltr'>ac</span> <span class='ocrx_word' id='word_1_267' title='bbox 1205 2819 1281 2862; x_wconf 88' lang='lat' dir='ltr'>eum</span> <span class='ocrx_word' id='word_1_268' title='bbox 1299 2819 1359 2880; x_wconf 89' lang='lat' dir='ltr'>per</span> <span class='ocrx_word' id='word_1_269' title='bbox 1375 2803 1605 2879; x_wconf 84' lang='lat' dir='ltr'>deceptionem</span> <span class='ocrx_word' id='word_1_270' title='bbox 1620 2805 1787 2879; x_wconf 85' lang='lat' dir='ltr'>occidunt,</span> 
     </span>
     <span class='ocr_line' id='line_1_24' title="bbox 237 2904 1790 2983; baseline 0.003 -20"><span class='ocrx_word' id='word_1_271' title='bbox 237 2913 270 2965; x_wconf 92' lang='lat' dir='ltr'>et</span> <span class='ocrx_word' id='word_1_272' title='bbox 288 2905 336 2964; x_wconf 92' lang='lat' dir='ltr'>sic</span> <span class='ocrx_word' id='word_1_273' title='bbox 355 2904 422 2965; x_wconf 91' lang='lat' dir='ltr'>illis</span> <span class='ocrx_word' id='word_1_274' title='bbox 439 2905 683 2979; x_wconf 88' lang='lat' dir='ltr'>assimilantur,</span> <span class='ocrx_word' id='word_1_275' title='bbox 702 2907 760 2981; x_wconf 93' lang='lat' dir='ltr'>qui</span> <span class='ocrx_word' id='word_1_276' title='bbox 775 2906 921 2964; x_wconf 92' lang='lat' dir='ltr'>vitulum</span> <span class='ocrx_word' id='word_1_277' title='bbox 939 2907 972 2964; x_wconf 91' lang='lat' dir='ltr'>in</span> <span class='ocrx_word' id='word_1_278' title='bbox 988 2906 1075 2967; x_wconf 90' lang='lat' dir='ltr'>Oreb</span> <span class='ocrx_word' id='word_1_279' title='bbox 1093 2907 1254 2980; x_wconf 86' lang='lat' dir='ltr'>lecerunt;</span> <span class='ocrx_word' id='word_1_280' title='bbox 1269 2913 1303 2966; x_wconf 91' lang='lat' dir='ltr'>et</span> <span class='ocrx_word' id='word_1_281' title='bbox 1321 2908 1378 2983; x_wconf 92' lang='lat' dir='ltr'>qui</span> <span class='ocrx_word' id='word_1_282' title='bbox 1396 2907 1491 2967; x_wconf 87' lang='lat' dir='ltr'>illurn</span> <span class='ocrx_word' id='word_1_283' title='bbox 1503 2906 1608 2968; x_wconf 89' lang='lat' dir='ltr'>Deum</span> <span class='ocrx_word' id='word_1_284' title='bbox 1620 2907 1724 2968; x_wconf 85' lang='lat' dir='ltr'>Israel</span> <span class='ocrx_word' id='word_1_285' title='bbox 1737 2923 1790 2968; x_wconf 89' lang='lat' dir='ltr'>es·</span> 
     </span>
     <span class='ocr_line' id='line_1_25' title="bbox 239 3006 1791 3086; baseline 0.002 -19"><span class='ocrx_word' id='word_1_286' title='bbox 239 3023 274 3068; x_wconf 90' lang='lat' dir='ltr'>se</span> <span class='ocrx_word' id='word_1_287' title='bbox 291 3006 456 3068; x_wconf 89' lang='lat' dir='ltr'>dixerunt.</span> <span class='ocrx_word' id='word_1_288' title='bbox 472 3007 513 3066; x_wconf 86' lang='lat' dir='ltr'>Et</span> <span class='ocrx_word' id='word_1_289' title='bbox 537 3008 587 3066; x_wconf 89' lang='lat' dir='ltr'>sic</span> <span class='ocrx_word' id='word_1_290' title='bbox 603 3008 756 3067; x_wconf 90' lang='lat' dir='ltr'>homines</span> <span class='ocrx_word' id='word_1_291' title='bbox 782 3009 838 3068; x_wconf 89' lang='lat' dir='ltr'>isti</span> <span class='ocrx_word' id='word_1_292' title='bbox 858 3009 995 3084; x_wconf 85' lang='lat' dir='ltr'>iaciunt,</span> <span class='ocrx_word' id='word_1_293' title='bbox 1021 3010 1130 3086; x_wconf 92' lang='lat' dir='ltr'>quiin</span> <span class='ocrx_word' id='word_1_294' title='bbox 1154 3009 1328 3070; x_wconf 88' lang='lat' dir='ltr'>mendacio</span> <span class='ocrx_word' id='word_1_295' title='bbox 1347 3008 1511 3084; x_wconf 89' lang='lat' dir='ltr'>habitant,</span> <span class='ocrx_word' id='word_1_296' title='bbox 1530 3012 1564 3070; x_wconf 90' lang='lat' dir='ltr'>et</span> <span class='ocrx_word' id='word_1_297' title='bbox 1581 3009 1638 3086; x_wconf 93' lang='lat' dir='ltr'>qui</span> <span class='ocrx_word' id='word_1_298' title='bbox 1655 3009 1791 3070; x_wconf 87' lang='lat' dir='ltr'>sibime-</span> 
     </span>
     <span class='ocr_line' id='line_1_26' title="bbox 239 3111 1789 3190; baseline 0.001 -18"><span class='ocrx_word' id='word_1_299' title='bbox 239 3113 442 3188; x_wconf 84' lang='lat' dir='ltr'>tipsisvana</span> <span class='ocrx_word' id='word_1_300' title='bbox 465 3111 657 3187; x_wconf 90' lang='lat' dir='ltr'>loquuntur,</span> <span class='ocrx_word' id='word_1_301' title='bbox 676 3119 710 3172; x_wconf 90' lang='lat' dir='ltr'>et</span> <span class='ocrx_word' id='word_1_302' title='bbox 733 3113 842 3189; x_wconf 90' lang='lat' dir='ltr'>quiin</span> <span class='ocrx_word' id='word_1_303' title='bbox 867 3114 1020 3174; x_wconf 88' lang='lat' dir='ltr'>omnibus</span> <span class='ocrx_word' id='word_1_304' title='bbox 1046 3115 1211 3174; x_wconf 89' lang='lat' dir='ltr'>creaturis</span> <span class='ocrx_word' id='word_1_305' title='bbox 1235 3130 1504 3190; x_wconf 89' lang='lat' dir='ltr'>unamquamque</span> <span class='ocrx_word' id='word_1_306' title='bbox 1530 3129 1601 3173; x_wconf 90' lang='lat' dir='ltr'>rem</span> <span class='ocrx_word' id='word_1_307' title='bbox 1625 3113 1789 3174; x_wconf 87' lang='lat' dir='ltr'>sibimeti-</span> 
     </span>
     <span class='ocr_line' id='line_1_27' title="bbox 241 3215 1786 3294; baseline -0.001 -17"><span class='ocrx_word' id='word_1_308' title='bbox 241 3219 312 3293; x_wconf 88' lang='lat' dir='ltr'>psis</span> <span class='ocrx_word' id='word_1_309' title='bbox 329 3216 540 3292; x_wconf 88' lang='lat' dir='ltr'>promittunt,</span> <span class='ocrx_word' id='word_1_310' title='bbox 560 3215 742 3276; x_wconf 89' lang='lat' dir='ltr'>secundum</span> <span class='ocrx_word' id='word_1_311' title='bbox 758 3217 845 3294; x_wconf 91' lang='lat' dir='ltr'>quod</span> <span class='ocrx_word' id='word_1_312' title='bbox 863 3217 987 3277; x_wconf 91' lang='lat' dir='ltr'>volunt.</span> <span class='ocrx_word' id='word_1_313' title='bbox 1004 3216 1044 3276; x_wconf 85' lang='lat' dir='ltr'>Et</span> <span class='ocrx_word' id='word_1_314' title='bbox 1060 3233 1176 3278; x_wconf 89' lang='lat' dir='ltr'>omnes</span> <span class='ocrx_word' id='word_1_315' title='bbox 1193 3219 1251 3294; x_wconf 91' lang='lat' dir='ltr'>qui</span> <span class='ocrx_word' id='word_1_316' title='bbox 1268 3217 1331 3278; x_wconf 91' lang='lat' dir='ltr'>hoc</span> <span class='ocrx_word' id='word_1_317' title='bbox 1355 3221 1469 3293; x_wconf 86' lang='lat' dir='ltr'>agunt,</span> <span class='ocrx_word' id='word_1_318' title='bbox 1491 3216 1615 3277; x_wconf 90' lang='lat' dir='ltr'>mortui</span> <span class='ocrx_word' id='word_1_319' title='bbox 1640 3221 1728 3290; x_wconf 91' lang='lat' dir='ltr'>sunt,</span> <span class='ocrx_word' id='word_1_320' title='bbox 1749 3219 1786 3276; x_wconf 91' lang='lat' dir='ltr'>ut</span> 
     </span>
     <span class='ocr_line' id='line_1_28' title="bbox 240 3319 1706 3399; baseline 0.001 -19"><span class='ocrx_word' id='word_1_321' title='bbox 240 3322 342 3380; x_wconf 89' lang='lat' dir='ltr'>etiam</span> <span class='ocrx_word' id='word_1_322' title='bbox 361 3319 450 3380; x_wconf 87' lang='lat' dir='ltr'>idola</span> <span class='ocrx_word' id='word_1_323' title='bbox 468 3326 599 3380; x_wconf 87' lang='lat' dir='ltr'>mortua</span> <span class='ocrx_word' id='word_1_324' title='bbox 617 3326 706 3396; x_wconf 90' lang='lat' dir='ltr'>sunt,</span> <span class='ocrx_word' id='word_1_325' title='bbox 725 3339 764 3382; x_wconf 93' lang='lat' dir='ltr'>ac</span> <span class='ocrx_word' id='word_1_326' title='bbox 782 3338 858 3382; x_wconf 92' lang='lat' dir='ltr'>cum</span> <span class='ocrx_word' id='word_1_327' title='bbox 875 3322 1038 3398; x_wconf 83' lang='lat' dir='ltr'>Aquilone</span> <span class='ocrx_word' id='word_1_328' title='bbox 1055 3328 1143 3395; x_wconf 87' lang='lat' dir='ltr'>sunt,</span> <span class='ocrx_word' id='word_1_329' title='bbox 1161 3329 1195 3382; x_wconf 91' lang='lat' dir='ltr'>et</span> <span class='ocrx_word' id='word_1_330' title='bbox 1212 3323 1331 3399; x_wconf 84' lang='lat' dir='ltr'>Aquilo</span> <span class='ocrx_word' id='word_1_331' title='bbox 1349 3330 1439 3398; x_wconf 92' lang='lat' dir='ltr'>sunt,</span> <span class='ocrx_word' id='word_1_332' title='bbox 1455 3328 1490 3383; x_wconf 88' lang='lat' dir='ltr'>et</span> <span class='ocrx_word' id='word_1_333' title='bbox 1507 3323 1556 3382; x_wconf 90' lang='lat' dir='ltr'>sic</span> <span class='ocrx_word' id='word_1_334' title='bbox 1572 3321 1706 3382; x_wconf 88' lang='lat' dir='ltr'>cadent.</span> 
     </span>
    </p>
   </div>
   <div class='ocr_carea' id='block_1_3' title="bbox 900 3541 1078 3648">
    <p class='ocr_par' dir='ltr' id='par_1_3' title="bbox 900 3541 1078 3648">
     <span class='ocr_line' id='line_1_29' title="bbox 900 3541 1078 3648; baseline -0.011 -40"><span class='ocrx_word' id='word_1_335' title='bbox 900 3633 908 3648; x_wconf 38' lang='grc' dir='ltr'>ι</span> <span class='ocrx_word' id='word_1_336' title='bbox 953 3541 1078 3608; x_wconf 81' lang='lat' dir='ltr'>XLVII.</span> 
     </span>
    </p>
   </div>
   <div class='ocr_carea' id='block_1_4' title="bbox 866 3741 1164 3803">
    <p class='ocr_par' dir='ltr' id='par_1_4' title="bbox 866 3741 1164 3803">
     <span class='ocr_line' id='line_1_30' title="bbox 866 3741 1164 3803; baseline 0 -1"><span class='ocrx_word' id='word_1_337' title='bbox 866 3741 912 3802; x_wconf 88' lang='lat' dir='ltr'>De</span> <span class='ocrx_word' id='word_1_338' title='bbox 940 3743 1164 3803; x_wconf 76' lang='lat' dir='ltr'>Contentione.</span> 
     </span>
    </p>
   </div>
   <div class='ocr_carea' id='block_1_5' title="bbox 189 3945 1791 5176">
    <p class='ocr_par' dir='ltr' id='par_1_5' title="bbox 189 3945 1791 5176">
     <span class='ocr_line' id='line_1_31' title="bbox 189 3945 1791 4030; baseline 0.002 -22"><span class='ocrx_word' id='word_1_339' title='bbox 189 4019 191 4024; x_wconf 22' lang='lat'>¹</span> <span class='ocrx_word' id='word_1_340' title='bbox 287 3945 340 4010; x_wconf 79' lang='lat'>56.</span> <span class='ocrx_word' id='word_1_341' title='bbox 365 3950 486 4021; x_wconf 90' lang='lat' dir='ltr'>Quinta</span> <span class='ocrx_word' id='word_1_342' title='bbox 507 3953 619 4010; x_wconf 90' lang='lat' dir='ltr'>autem</span> <span class='ocrx_word' id='word_1_343' title='bbox 644 3947 752 4026; x_wconf 86' lang='lat' dir='ltr'>imago</span> <span class='ocrx_word' id='word_1_344' title='bbox 777 3952 1024 4012; x_wconf 86' lang='lat' dir='ltr'>contentionem</span> <span class='ocrx_word' id='word_1_345' title='bbox 1048 3952 1266 4026; x_wconf 88' lang='lat' dir='ltr'>demonstrat,</span> <span class='ocrx_word' id='word_1_346' title='bbox 1291 3968 1377 4030; x_wconf 92' lang='lat' dir='ltr'>quae</span> <span class='ocrx_word' id='word_1_347' title='bbox 1404 3952 1570 4013; x_wconf 82' lang='lat' dir='ltr'>fallaciam</span> <span class='ocrx_word' id='word_1_348' title='bbox 1595 3950 1650 4012; x_wconf 88' lang='lat' dir='ltr'>hio</span> <span class='ocrx_word' id='word_1_349' title='bbox 1673 3948 1791 4013; x_wconf 87' lang='lat' dir='ltr'>subse·</span> 
     </span>
     <span class='ocr_line' id='line_1_32' title="bbox 245 4052 1789 4135; baseline 0.004 -23"><span class='ocrx_word' id='word_1_350' title='bbox 245 4054 371 4128; x_wconf 88' lang='lat' dir='ltr'>quitur,</span> <span class='ocrx_word' id='word_1_351' title='bbox 390 4055 468 4131; x_wconf 86' lang='lat' dir='ltr'>quia</span> <span class='ocrx_word' id='word_1_352' title='bbox 486 4068 562 4112; x_wconf 89' lang='lat' dir='ltr'>curn</span> <span class='ocrx_word' id='word_1_353' title='bbox 579 4052 677 4114; x_wconf 92' lang='lat' dir='ltr'>homo</span> <span class='ocrx_word' id='word_1_354' title='bbox 695 4055 834 4115; x_wconf 87' lang='lat' dir='ltr'>mendax</span> <span class='ocrx_word' id='word_1_355' title='bbox 850 4061 914 4129; x_wconf 91' lang='lat' dir='ltr'>est,</span> <span class='ocrx_word' id='word_1_356' title='bbox 932 4058 1175 4117; x_wconf 90' lang='lat' dir='ltr'>contentionem</span> <span class='ocrx_word' id='word_1_357' title='bbox 1201 4058 1354 4132; x_wconf 89' lang='lat' dir='ltr'>incurrit,</span> <span class='ocrx_word' id='word_1_358' title='bbox 1373 4059 1420 4118; x_wconf 93' lang='lat' dir='ltr'>ita</span> <span class='ocrx_word' id='word_1_359' title='bbox 1444 4059 1532 4135; x_wconf 91' lang='lat' dir='ltr'>quod</span> <span class='ocrx_word' id='word_1_360' title='bbox 1557 4057 1789 4135; x_wconf 87' lang='lat' dir='ltr'>unusquisque</span> 
     </span>
     <span class='ocr_line' id='line_1_33' title="bbox 242 4155 1789 4232; baseline 0.004 -17"><span class='ocrx_word' id='word_1_361' title='bbox 242 4171 302 4232; x_wconf 90' lang='lat' dir='ltr'>per</span> <span class='ocrx_word' id='word_1_362' title='bbox 321 4155 470 4217; x_wconf 83' lang='lat' dir='ltr'>fraudem</span> <span class='ocrx_word' id='word_1_363' title='bbox 487 4163 520 4216; x_wconf 90' lang='lat' dir='ltr'>et</span> <span class='ocrx_word' id='word_1_364' title='bbox 537 4157 693 4217; x_wconf 91' lang='lat' dir='ltr'>iniuriam</span> <span class='ocrx_word' id='word_1_365' title='bbox 711 4173 786 4218; x_wconf 90' lang='lat' dir='ltr'>curn</span> <span class='ocrx_word' id='word_1_366' title='bbox 805 4158 908 4219; x_wconf 83' lang='lat' dir='ltr'>fratre</span> <span class='ocrx_word' id='word_1_367' title='bbox 926 4177 987 4220; x_wconf 90' lang='lat' dir='ltr'>suo</span> <span class='ocrx_word' id='word_1_368' title='bbox 1006 4160 1233 4222; x_wconf 82' lang='lat' dir='ltr'>fraudulenter</span> <span class='ocrx_word' id='word_1_369' title='bbox 1257 4163 1436 4223; x_wconf 89' lang='lat' dir='ltr'>contendit.</span> <span class='ocrx_word' id='word_1_370' title='bbox 1457 4164 1498 4223; x_wconf 86' lang='lat' dir='ltr'>Et</span> <span class='ocrx_word' id='word_1_371' title='bbox 1522 4162 1604 4223; x_wconf 89' lang='lat' dir='ltr'>haec</span> <span class='ocrx_word' id='word_1_372' title='bbox 1623 4163 1658 4222; x_wconf 91' lang='lat' dir='ltr'>in</span> <span class='ocrx_word' id='word_1_373' title='bbox 1682 4161 1789 4222; x_wconf 85' lang='lat' dir='ltr'>forma</span> 
     </span>
     <span class='ocr_line' id='line_1_34' title="bbox 241 4259 1786 4345; baseline 0.005 -26"><span class='ocrx_word' id='word_1_374' title='bbox 241 4259 388 4320; x_wconf 91' lang='lat' dir='ltr'>hominis</span> <span class='ocrx_word' id='word_1_375' title='bbox 405 4263 553 4336; x_wconf 89' lang='lat' dir='ltr'>apparet,</span> <span class='ocrx_word' id='word_1_376' title='bbox 571 4269 605 4322; x_wconf 92' lang='lat' dir='ltr'>et</span> <span class='ocrx_word' id='word_1_377' title='bbox 621 4263 750 4336; x_wconf 89' lang='lat' dir='ltr'>crispos</span> <span class='ocrx_word' id='word_1_378' title='bbox 775 4278 814 4322; x_wconf 92' lang='lat' dir='ltr'>ac</span> <span class='ocrx_word' id='word_1_379' title='bbox 830 4264 944 4339; x_wconf 89' lang='lat' dir='ltr'>nigros</span> <span class='ocrx_word' id='word_1_380' title='bbox 968 4265 1108 4340; x_wconf 90' lang='lat' dir='ltr'>capillos</span> <span class='ocrx_word' id='word_1_381' title='bbox 1125 4266 1236 4343; x_wconf 90' lang='lat' dir='ltr'>habet,</span> <span class='ocrx_word' id='word_1_382' title='bbox 1259 4275 1292 4328; x_wconf 91' lang='lat' dir='ltr'>et</span> <span class='ocrx_word' id='word_1_383' title='bbox 1317 4267 1437 4328; x_wconf 84' lang='lat' dir='ltr'>faciem</span> <span class='ocrx_word' id='word_1_384' title='bbox 1461 4269 1603 4345; x_wconf 90' lang='lat' dir='ltr'>igneam,</span> <span class='ocrx_word' id='word_1_385' title='bbox 1628 4269 1786 4343; x_wconf 89' lang='lat' dir='ltr'>quoniam</span> 
     </span>
     <span class='ocr_line' id='line_1_35' title="bbox 243 4362 1790 4447; baseline 0.005 -25"><span class='ocrx_word' id='word_1_386' title='bbox 243 4362 341 4423; x_wconf 89' lang='lat' dir='ltr'>homo</span> <span class='ocrx_word' id='word_1_387' title='bbox 359 4365 415 4440; x_wconf 92' lang='lat' dir='ltr'>qui</span> <span class='ocrx_word' id='word_1_388' title='bbox 434 4364 608 4424; x_wconf 91' lang='lat' dir='ltr'>rationalis</span> <span class='ocrx_word' id='word_1_389' title='bbox 625 4371 689 4440; x_wconf 87' lang='lat' dir='ltr'>est,</span> <span class='ocrx_word' id='word_1_390' title='bbox 707 4367 953 4428; x_wconf 88' lang='lat' dir='ltr'>contentionem</span> <span class='ocrx_word' id='word_1_391' title='bbox 970 4369 1077 4444; x_wconf 90' lang='lat' dir='ltr'>magis</span> <span class='ocrx_word' id='word_1_392' title='bbox 1094 4375 1185 4430; x_wconf 90' lang='lat' dir='ltr'>amat</span> <span class='ocrx_word' id='word_1_393' title='bbox 1202 4387 1303 4447; x_wconf 88' lang='lat' dir='ltr'>quam</span> <span class='ocrx_word' id='word_1_394' title='bbox 1321 4377 1453 4432; x_wconf 89' lang='lat' dir='ltr'>caetera</span> <span class='ocrx_word' id='word_1_395' title='bbox 1471 4371 1627 4432; x_wconf 90' lang='lat' dir='ltr'>animalia</span> <span class='ocrx_word' id='word_1_396' title='bbox 1644 4384 1729 4447; x_wconf 89' lang='lat' dir='ltr'>quae</span> <span class='ocrx_word' id='word_1_397' title='bbox 1746 4370 1790 4429; x_wconf 85' lang='lat' dir='ltr'>ir-</span> 
     </span>
     <span class='ocr_line' id='line_1_36' title="bbox 245 4467 1789 4550; baseline 0.003 -25"><span class='ocrx_word' id='word_1_398' title='bbox 245 4467 458 4528; x_wconf 87' lang='lat' dir='ltr'>rationabilia</span> <span class='ocrx_word' id='word_1_399' title='bbox 474 4475 562 4542; x_wconf 89' lang='lat' dir='ltr'>sunt;</span> <span class='ocrx_word' id='word_1_400' title='bbox 581 4474 615 4527; x_wconf 89' lang='lat' dir='ltr'>et</span> <span class='ocrx_word' id='word_1_401' title='bbox 631 4469 733 4528; x_wconf 91' lang='lat' dir='ltr'>etiam</span> <span class='ocrx_word' id='word_1_402' title='bbox 750 4477 901 4530; x_wconf 89' lang='lat' dir='ltr'>caeteras</span> <span class='ocrx_word' id='word_1_403' title='bbox 917 4475 1089 4533; x_wconf 90' lang='lat' dir='ltr'>creaturas</span> <span class='ocrx_word' id='word_1_404' title='bbox 1106 4475 1333 4534; x_wconf 90' lang='lat' dir='ltr'>contendendo</span> <span class='ocrx_word' id='word_1_405' title='bbox 1358 4475 1494 4550; x_wconf 90' lang='lat' dir='ltr'>saepius</span> <span class='ocrx_word' id='word_1_406' title='bbox 1511 4473 1650 4546; x_wconf 87' lang='lat' dir='ltr'>deridet,</span> <span class='ocrx_word' id='word_1_407' title='bbox 1676 4477 1710 4531; x_wconf 92' lang='lat' dir='ltr'>et</span> <span class='ocrx_word' id='word_1_408' title='bbox 1726 4471 1789 4530; x_wconf 92' lang='lat' dir='ltr'>hoc</span> 
     </span>
     <span class='ocr_line' id='line_1_37' title="bbox 243 4571 1790 4655; baseline 0.004 -25"><span class='ocrx_word' id='word_1_409' title='bbox 243 4587 303 4646; x_wconf 91' lang='lat' dir='ltr'>per</span> <span class='ocrx_word' id='word_1_410' title='bbox 320 4571 562 4646; x_wconf 87' lang='lat' dir='ltr'>impudicitiam</span> <span class='ocrx_word' id='word_1_411' title='bbox 580 4579 780 4648; x_wconf 88' lang='lat' dir='ltr'>contortam,</span> <span class='ocrx_word' id='word_1_412' title='bbox 799 4580 832 4635; x_wconf 91' lang='lat' dir='ltr'>et</span> <span class='ocrx_word' id='word_1_413' title='bbox 849 4591 909 4652; x_wconf 91' lang='lat' dir='ltr'>per</span> <span class='ocrx_word' id='word_1_414' title='bbox 927 4577 1115 4637; x_wconf 88' lang='lat' dir='ltr'>molestiam</span> <span class='ocrx_word' id='word_1_415' title='bbox 1132 4577 1352 4655; x_wconf 89' lang='lat' dir='ltr'>denigratam,</span> <span class='ocrx_word' id='word_1_416' title='bbox 1368 4579 1400 4638; x_wconf 95' lang='lat' dir='ltr'>in</span> <span class='ocrx_word' id='word_1_417' title='bbox 1417 4578 1595 4653; x_wconf 90' lang='lat' dir='ltr'>multiplici</span> <span class='ocrx_word' id='word_1_418' title='bbox 1612 4578 1666 4638; x_wconf 92' lang='lat' dir='ltr'>via</span> <span class='ocrx_word' id='word_1_419' title='bbox 1683 4577 1790 4636; x_wconf 90' lang='lat' dir='ltr'>scien-</span> 
     </span>
     <span class='ocr_line' id='line_1_38' title="bbox 247 4676 1789 4758; baseline 0.001 -22"><span class='ocrx_word' id='word_1_420' title='bbox 247 4678 313 4736; x_wconf 87' lang='lat' dir='ltr'>tiae</span> <span class='ocrx_word' id='word_1_421' title='bbox 339 4676 429 4752; x_wconf 86' lang='lat' dir='ltr'>sacit,</span> <span class='ocrx_word' id='word_1_422' title='bbox 448 4694 487 4737; x_wconf 91' lang='lat' dir='ltr'>ac</span> <span class='ocrx_word' id='word_1_423' title='bbox 513 4679 694 4739; x_wconf 89' lang='lat' dir='ltr'>intentione</span> <span class='ocrx_word' id='word_1_424' title='bbox 719 4680 834 4755; x_wconf 89' lang='lat' dir='ltr'>igneae</span> <span class='ocrx_word' id='word_1_425' title='bbox 851 4681 1035 4742; x_wconf 88' lang='lat' dir='ltr'>voluntatis</span> <span class='ocrx_word' id='word_1_426' title='bbox 1060 4699 1153 4758; x_wconf 90' lang='lat' dir='ltr'>suae,</span> <span class='ocrx_word' id='word_1_427' title='bbox 1171 4699 1248 4743; x_wconf 85' lang='lat' dir='ltr'>curn</span> <span class='ocrx_word' id='word_1_428' title='bbox 1273 4683 1470 4744; x_wconf 82' lang='lat' dir='ltr'>furibundus</span> <span class='ocrx_word' id='word_1_429' title='bbox 1488 4684 1520 4742; x_wconf 91' lang='lat' dir='ltr'>in</span> <span class='ocrx_word' id='word_1_430' title='bbox 1538 4683 1588 4743; x_wconf 92' lang='lat' dir='ltr'>ira</span> <span class='ocrx_word' id='word_1_431' title='bbox 1606 4681 1678 4742; x_wconf 86' lang='lat' dir='ltr'>luit.</span> <span class='ocrx_word' id='word_1_432' title='bbox 1696 4679 1789 4753; x_wconf 91' lang='lat' dir='ltr'>Quod</span> 
     </span>
     <span class='ocr_line' id='line_1_39' title="bbox 242 4785 1789 4864; baseline 0.003 -23"><span class='ocrx_word' id='word_1_433' title='bbox 242 4789 352 4842; x_wconf 89' lang='lat' dir='ltr'>autem</span> <span class='ocrx_word' id='word_1_434' title='bbox 371 4799 476 4860; x_wconf 89' lang='lat' dir='ltr'>cappa</span> <span class='ocrx_word' id='word_1_435' title='bbox 493 4785 578 4844; x_wconf 90' lang='lat' dir='ltr'>varii</span> <span class='ocrx_word' id='word_1_436' title='bbox 603 4785 726 4846; x_wconf 90' lang='lat' dir='ltr'>coloris</span> <span class='ocrx_word' id='word_1_437' title='bbox 745 4785 860 4846; x_wconf 89' lang='lat' dir='ltr'>induta</span> <span class='ocrx_word' id='word_1_438' title='bbox 884 4787 947 4861; x_wconf 89' lang='lat' dir='ltr'>est,</span> <span class='ocrx_word' id='word_1_439' title='bbox 966 4803 1051 4864; x_wconf 89' lang='lat' dir='ltr'>quae</span> <span class='ocrx_word' id='word_1_440' title='bbox 1075 4789 1116 4847; x_wconf 89' lang='lat' dir='ltr'>ad</span> <span class='ocrx_word' id='word_1_441' title='bbox 1136 4789 1292 4850; x_wconf 89' lang='lat' dir='ltr'>humeros</span> <span class='ocrx_word' id='word_1_442' title='bbox 1319 4789 1482 4850; x_wconf 83' lang='lat' dir='ltr'>foramina</span> <span class='ocrx_word' id='word_1_443' title='bbox 1498 4790 1610 4864; x_wconf 90' lang='lat' dir='ltr'>habet,</span> <span class='ocrx_word' id='word_1_444' title='bbox 1627 4803 1687 4864; x_wconf 91' lang='lat' dir='ltr'>per</span> <span class='ocrx_word' id='word_1_445' title='bbox 1703 4803 1789 4864; x_wconf 88' lang='lat' dir='ltr'>quae</span> 
     </span>
     <span class='ocr_line' id='line_1_40' title="bbox 241 4887 1788 4968; baseline 0.001 -22"><span class='ocrx_word' id='word_1_446' title='bbox 241 4887 379 4948; x_wconf 90' lang='lat' dir='ltr'>brachia</span> <span class='ocrx_word' id='word_1_447' title='bbox 397 4904 457 4946; x_wconf 87' lang='lat' dir='ltr'>sua</span> <span class='ocrx_word' id='word_1_448' title='bbox 473 4888 631 4960; x_wconf 85' lang='lat' dir='ltr'>extendit,</span> <span class='ocrx_word' id='word_1_449' title='bbox 652 4888 714 4948; x_wconf 90' lang='lat' dir='ltr'>hoc</span> <span class='ocrx_word' id='word_1_450' title='bbox 730 4897 781 4948; x_wconf 90' lang='lat' dir='ltr'>est</span> <span class='ocrx_word' id='word_1_451' title='bbox 797 4890 886 4965; x_wconf 90' lang='lat' dir='ltr'>quod</span> <span class='ocrx_word' id='word_1_452' title='bbox 902 4890 1070 4951; x_wconf 87' lang='lat' dir='ltr'>desideria</span> <span class='ocrx_word' id='word_1_453' title='bbox 1088 4909 1149 4968; x_wconf 85' lang='lat' dir='ltr'>sua</span> <span class='ocrx_word' id='word_1_454' title='bbox 1166 4887 1441 4968; x_wconf 69' lang='lat' dir='ltr'>per&#39;varietatem</span> <span class='ocrx_word' id='word_1_455' title='bbox 1459 4893 1602 4952; x_wconf 89' lang='lat' dir='ltr'>aliorum</span> <span class='ocrx_word' id='word_1_456' title='bbox 1628 4890 1788 4950; x_wconf 88' lang='lat' dir='ltr'>vitiorum</span> 
     </span>
     <span class='ocr_line' id='line_1_41' title="bbox 242 4991 1791 5074; baseline 0.003 -25"><span class='ocrx_word' id='word_1_457' title='bbox 242 4991 335 5066; x_wconf 87' lang='lat' dir='ltr'>tegit,</span> <span class='ocrx_word' id='word_1_458' title='bbox 356 4991 388 5050; x_wconf 90' lang='lat' dir='ltr'>in</span> <span class='ocrx_word' id='word_1_459' title='bbox 407 4993 529 5068; x_wconf 88' lang='lat' dir='ltr'>quibus</span> <span class='ocrx_word' id='word_1_460' title='bbox 546 4995 648 5054; x_wconf 87' lang='lat' dir='ltr'>etiarn</span> <span class='ocrx_word' id='word_1_461' title='bbox 665 5010 724 5069; x_wconf 89' lang='lat' dir='ltr'>per</span> <span class='ocrx_word' id='word_1_462' title='bbox 741 4996 844 5056; x_wconf 89' lang='lat' dir='ltr'>robur</span> <span class='ocrx_word' id='word_1_463' title='bbox 861 4996 1009 5058; x_wconf 87' lang='lat' dir='ltr'>insaniae</span> <span class='ocrx_word' id='word_1_464' title='bbox 1027 5014 1108 5058; x_wconf 87' lang='lat' dir='ltr'>suae</span> <span class='ocrx_word' id='word_1_465' title='bbox 1125 5000 1251 5059; x_wconf 88' lang='lat' dir='ltr'>nullam</span> <span class='ocrx_word' id='word_1_466' title='bbox 1265 5000 1501 5074; x_wconf 82' lang='lat' dir='ltr'>integritatem,</span> <span class='ocrx_word' id='word_1_467' title='bbox 1516 5014 1577 5058; x_wconf 88' lang='lat' dir='ltr'>nec</span> <span class='ocrx_word' id='word_1_468' title='bbox 1595 4997 1697 5058; x_wconf 90' lang='lat' dir='ltr'>ullam</span> <span class='ocrx_word' id='word_1_469' title='bbox 1713 5012 1791 5056; x_wconf 91' lang='lat' dir='ltr'>con-</span> 
     </span>
     <span class='ocr_line' id='line_1_42' title="bbox 244 5095 1791 5176; baseline 0.006 -25"><span class='ocrx_word' id='word_1_470' title='bbox 244 5095 450 5152; x_wconf 86' lang='lat' dir='ltr'>strictionem</span> <span class='ocrx_word' id='word_1_471' title='bbox 468 5097 655 5170; x_wconf 87' lang='lat' dir='ltr'>probitatis,</span> <span class='ocrx_word' id='word_1_472' title='bbox 675 5100 732 5158; x_wconf 86' lang='lat' dir='ltr'>sed</span> <span class='ocrx_word' id='word_1_473' title='bbox 757 5099 919 5160; x_wconf 83' lang='lat' dir='ltr'>foramina</span> <span class='ocrx_word' id='word_1_474' title='bbox 944 5101 1180 5161; x_wconf 85' lang='lat' dir='ltr'>bacchantium</span> <span class='ocrx_word' id='word_1_475' title='bbox 1205 5103 1426 5162; x_wconf 88' lang='lat' dir='ltr'>schismatum</span> <span class='ocrx_word' id='word_1_476' title='bbox 1451 5101 1587 5176; x_wconf 89' lang='lat' dir='ltr'>habens,</span> <span class='ocrx_word' id='word_1_477' title='bbox 1612 5100 1791 5174; x_wconf 84' lang='lat' dir='ltr'>prolonga-</span> 
     </span>
    </p>
   </div>
   <div class='ocr_carea' id='block_1_6' title="bbox 0 0 2007 6084">
    <p class='ocr_par' dir='ltr' id='par_1_6' title="bbox 0 0 2007 6084">
     <span class='ocr_line' id='line_1_43' title="bbox 0 0 2007 6084; baseline 0 0"><span class='ocrx_word' id='word_1_478' title='bbox 0 0 2007 6084; x_wconf 95' lang='lat' dir='ltr'> </span> 
     </span>
    </p>
   </div>
  </div>
 </body>
</html>
