3992 6092
876 498 1200 554 s.‚u11.nscnnurs
1285 488 1306 522 ⁰

1004 721 1067 779 LII.

786 927 831 985 Da
860 928 979 999 Leone,
1004 929 1114 1002 [orma
1137 929 1199 986 reli
1225 930 1294 988 Dei.

307 1140 359 1201 61.
385 1136 478 1209 Quod
494 1137 605 1195 autem
622 1133 728 1206 vides,
748 1132 836 1208 quod
858 1149 970 1191 coram
987 1135 1159 1208 praedicto
1186 1136 1257 1193 viro
1275 1134 1326 1194 leo
1352 1139 1430 1208 stat,
1450 1135 1507 1211 qui
1532 1151 1568 1193 se
1585 1137 1700 1195 contra
1726 1135 1808 1194 vitia

260 1247 326 1306 ista
350 1243 463 1316 vertit,
489 1239 552 1298 hoc
568 1243 621 1297 est
645 1236 734 1313 quod
752 1237 785 1296 in
811 1236 987 1311 majestate
1011 1236 1215 1312 Divinitatis‚
1242 1238 1433 1298 humanitas
1458 1239 1642 1298 salvatoris
1663 1242 1726 1314 est3
1749 1241 1808 1314 qui

258 1351 346 1411 Deus
362 1355 396 1408 et
421 1346 520 1406 homo
537 1344 697 1418 existens,
724 1342 909 1403 fortissima
926 1344 960 1401 vi
985 1344 1047 1402 zeli
1065 1344 1116 1403 sui
1140 1343 1316 1404 diabolicis
1341 1345 1433 1404 vitiis
1453 1351 1627 1420 repugnat;
1648 1347 1693 1405 ita
1718 1344 1807 1420 quod

257 1469 414 1530 magnum
433 1450 578 1528 rugitum
600 1463 675 1507 curn
695 1452 793 1506 vento
810 1448 979 1520 emittens,
998 1448 1133 1523 clamat,
1152 1449 1239 1524 quod
1256 1464 1296 1508 ea
1314 1449 1346 1508 in
1366 1449 1439 1524 igne
1457 1448 1601 1524 Spiritus
1623 1449 1734 1508 Sancti
1751 1465 1808 1507 ex·

260 1559 393 1636 spoliet,
412 1571 450 1615 ae
467 1554 517 1614 sic
534 1552 574 1612 ad
592 1551 689 1612 finem
714 1551 886 1627 perducat,
906 1553 984 1626 quia
1009 1555 1125 1612 contra
1141 1569 1216 1610 eum
1235 1568 1383 1628 pugnare
1400 1552 1611 1620 contendunt.
1629 1553 1710 1613 Nam
1732 1555 1806 1629 ipse

256 1666 360 1726 altam
384 1659 656 1722 vociferationem
682 1673 759 1716 cum
782 1655 918 1716 suillatu
935 1656 1079 1732 Spiritus
1096 1657 1206 1718 Sancti
1225 1659 1348 1733 emisit,
1367 1659 1425 1719 ubi
1446 1659 1564 1719 eodem
1581 1658 1706 1734 Spiritu
1725 1659 1805 1718 San-

255 1772 309 1826 cto
333 1763 519 1839 discipulos
544 1777 624 1820 suos
642 1759 773 1832 imbuit,
798 1773 875 1818 oum
892 1773 949 1818 eos
966 1759 1160 1834 praedicare
1178 1766 1209 1820 et
1235 1759 1409 1821 testificari
1426 1778 1547 1821 novam
1565 1761 1802 1821 sanctificatio·

258 1887 334 1931 nem
354 1869 474 1946 jussit,
500 1873 665 1943 quatenus
689 1865 751 1924 hoe
775 1863 873 1924 modo
891 1865 1027 1941 antiquo
1045 1865 1195 1941 Serpenti
1213 1867 1363 1942 perditas
1379 1862 1401 1946 ¹)
1420 1869 1548 1928 animas
1566 1866 1746 1940 auferrent,
1765 1883 1804 1926 ac

257 1978 422 2054 pessimas
439 1971 672 2048 suggestiones
689 1975 911 2044 contererent,
929 1985 1005 2028 oum
1022 1969 1145 2045 quibus
1162 1971 1296 2030 veritati
1314 1987 1353 2030 ac
1370 1968 1474 2031 saluti
1485 1971 1656 2031 hominum
1670 1986 1803 2044 semper

256 2078 420 2138 rebellare
436 2075 564 2135 nititur.
582 2073 741 2144 Quamvis
757 2072 845 2130 enim
863 2072 1022 2132 Diabolus
1043 2074 1213 2148 perversis
1238 2073 1540 2133 machinationibus
1565 2075 1649 2148 suis,
1668 2072 1803 2133 Christo
1852 2103 1854 2106 ·

256 2185 339 2244 Filio
356 2182 414 2242 Dei
432 2181 465 2240 ln
480 2179 596 2240 electis
612 2177 685 2253 ejus
702 2177 862 2236 resistere
880 2181 996 2250 tentet,
1017 2175 1171 2237 Christus
1189 2184 1300 2236 tamen
1317 2185 1354 2237 ut
1370 2178 1420 2237 leo
1447 2177 1664 2251 fortissimus,
1686 2193 1803 2236 omnes

256 2293 350 2346 artus
366 2283 390 2364 ²)
416 2288 449 2343 et
473 2284 611 2342 conatus
637 2279 744 2356 ipsius
769 2295 807 2338 ao
832 2280 914 2336 vitia
939 2280 1005 2353 ipsi
1029 2279 1245 2339 adhaerentia
1262 2279 1302 2338 ad
1327 2279 1468 2340 nibilum
1485 2280 1588 2349 ducit,
1615 2283 1648 2338 et
1664 2279 1799 2338 omniuo

258 2389 410 2450 conterit.

991 2595 1071 2654 LIII.

487 2806 589 2864 Zetus
608 2805 667 2864 Dei
685 2806 832 2864 homines
851 2805 982 2882 asti-ipit,
1001 2806 1057 2880 qni
1074 2804 1278 2862 uoluntatem
1296 2803 1366 2877 ejus
1384 2804 1563 2880 negligunt.

295 3013 350 3072 62.
375 3012 414 3070 Et
438 3010 526 3068 sicut
548 3008 724 3068 Diabolum
748 3023 788 3067 ac
812 3008 895 3067 vitia
920 3023 1005 3084 quae
1031 3025 1104 3068 cum
1132 3009 1188 3068 illo
1205 3015 1293 3080 sunt,
1319 3009 1433 3067 diuina
1450 3013 1617 3082 potestate
1634 3007 1747 3066 domat
1764 3013 1798 3064 et

248 3113 443 3190 prosternit,
461 3125 501 3170 ao
518 3113 688 3185 prostrata
705 3110 858 3170 conterit:
880 3111 925 3169 ita
943 3111 1044 3170 etiam
1059 3110 1232 3170 multoties
1252 3111 1403 3169 homines
1416 3110 1473 3185 qui
1487 3097 1599 3185 se'ipsi
1613 3113 1797 3186 opponunt,

248 3215 357 3290 etqui
382 3214 498 3274 beatas
515 3213 548 3272 et
569 3213 679 3288 justas
697 3212 940 3272 admonitiones
964 3229 1028 3271 non
1046 3213 1243 3288 suscipiunt,
1270 3213 1437 3288 corporali
1456 3212 1586 3286 llagello
1611 3227 1669 3286 per
1686 3211 1795 3271 zelum

251 3335 350 3380 suum
367 3317 512 3392 castigat
527 3323 560 3377 et
577 3317 750 3394 dispergit,
769 3333 807 3377 ac
825 3319 979 3391 plurimis
996 3318 1245 3377 calamitatibus
1259 3318 1479 3392 corporaliter
1491 3315 1619 3392 aflligit.
1634 3316 1797 3388 Quemad-

249 3421 385 3482 modum
400 3420 488 3480 enim
506 3419 666 3481 tortitudo
684 3421 789 3480 leonis
807 3423 939 3481 caetera
955 3420 1112 3480 animalia
1129 3420 1278 3494 devorat,
1298 3421 1347 3479 sic
1363 3421 1465 3478 etiam
1479 3419 1638 3479 fortitudo
1651 3421 1685 3478 et
1701 3419 1794 3476 zelus

247 3526 306 3585 Dei
322 3525 454 3584 viscera
470 3523 598 3584 Diaboli
616 3525 769 3598 conterit;
784 3540 823 3583 ac
839 3525 984 3600 primum
1002 3523 1221 3599 mendacium,
1241 3539 1315 3584 cum
1334 3539 1399 3600 quo
1414 3522 1501 3582 idern
1517 3521 1675 3582 Diabolus
1691 3522 1726 3580 in
1742 3535 1795 3580 so-

247 3629 390 3704 metipso
415 3643 533 3688 casum
557 3627 760 3704 sibimetipsi
777 3628 977 3702 aedificavit,
1005 3627 1090 3688 idem
1109 3629 1200 3688 zelus
1224 3628 1357 3687 omniuo
1382 3625 1588 3700 comminuit,
1614 3631 1714 3702 atque
1731 3624 1793 3684 ini-

248 3733 352 3793 micos
370 3749 450 3794 suos
466 3731 600 3807 occidit,
619 3733 675 3808 qui
693 3733 781 3792 intra
798 3748 835 3792 se
852 3731 978 3807 dicunt,
996 3733 1085 3809 quod
1102 3732 1192 3791 aliud
1206 3749 1305 3808 quam
1322 3738 1444 3790 natura
1458 3745 1575 3790 eorum
1591 3728 1791 3804 expostulet,

246 3835 355 3896 lacere
379 3835 601 3911 nonpossint,
619 3829 644 3916 ²)
663 3841 696 3895 et
715 3836 772 3912 qui
789 3836 831 3896 ad
847 3851 1078 3913 unaquaeque,
1097 3850 1183 3911 quae
1200 3834 1282 3910 ipsis
1299 3835 1422 3908 placita
1439 3838 1527 3906 sunt,
1546 3829 1680 3891 assidue
1702 3830 1792 3905 aspi-

245 3940 349 4014 ciunt,
367 3939 475 4015 etqui
492 3939 584 3999 vitiis
601 3939 730 4000 Diaboli
749 3955 784 4000 se
803 3941 986 4016 involvunt,
1005 3939 1211 4001 voluntatem
1227 3937 1285 3997 Dei
1304 3939 1521 4014 negligentes,
1547 3943 1581 3996 et
1597 3951 1697 4014 opera
1717 3934 1790 4008 Dei,

243 4043 341 4118 quasi
358 4042 446 4104 Deus
463 4044 600 4118 nonsit,
619 4043 844 4119 repudiantes.
861 4045 952 4108 Unde
970 4046 1040 4105 zelo
1057 4045 1115 4104 Dei
1140 4043 1379 4119 disperguntur
1399 4045 1432 4102 et
1453 4044 1680 4114 conteruntur,
1707 4057 1790 4115 que

243 4145 453 4204 madmodum
472 4153 504 4205 et
523 4147 571 4206 illi
588 4147 742 4223 dissipati
761 4151 848 4220 sunt,
867 4150 907 4208 de
924 4150 1046 4226 quibus
1063 4149 1224 4207 Ieremias
1243 4147 1404 4223 propheta
1422 4148 1571 4223 loquitur
1588 4145 1711 4205 dicens:

965 4374 1058 4433 LIIlI.

758 4567 919 4628 Ieremias
943 4570 986 4627 cd
1009 4570 1160 4630 conicient
1185 4588 1264 4634 rem.

280 4779 332 4838 63.
360 4777 476 4839 licteus
495 4777 675 4836 mulierum
692 4779 956 4838 inisericordiam
974 4785 1134 4839 coxerunt
1150 4779 1234 4858 filios
1252 4795 1337 4848 snos,
1354 4778 1436 4855 sacti
1454 4781 1529 4836 sunt
1556 4773 1643 4836 cibas
1662 4793 1781 4833 caracui

233 4886 268 4941 in
287 4867 481 4943 contra'tione
497 4883 586 4962 filiae
601 4884 717 4960 populi
733 4885 809 4942 mei.
830 4883 1006 4961 complevit
1025 4885 1184 4944 Dominus
1200 4884 1470 4961 (ereremum,
1490 4881 1607 4960 effodit
1623 4881 1708 4938 irum
1726 4880 1781 4938 ia-

231 4988 432 5062 dipnationis
450 5005 539 5046 snae.
555 4987 595 5046 Et
613 4988 780 5047 succendit
798 4989 908 5064 ignem
925 4990 960 5046 in
976 4989 1068 5054 Sion,
1083 4993 1113 5045 ct
1127 4988 1291 5046 decoravit
1305 4986 1528 5063 frondescente
1540 4982 1619 5057 ejus,
1635 4979 1659 5062 ⁴)
1674 4983 1780 5058 Cujus

268 5138 289 5206 ¹)
302 5140 441 5210 Pffledllsst
454 5139 486 5193 Α.
509 5169 536 5178 *
549 5141 570 5206 ²)
587 5137 605 5195 I.
621 5147 697 5196 actas
727 5172 756 5180 —
769 5140 790 5208 ³)
802 5148 914 5213 possunt
928 5140 960 5196 Α.
979 5173 1012 5180 -
1025 5139 1046 5207 ⁴)
1061 5139 1165 5196 'Ihren
1185 5138 1232 5200 IV,
1250 5141 1291 5192 lt).
