3992 6092
699 543 815 591 clean
843 543 943 590 VITAE
971 539 1203 589 MERlTORUM

917 749 985 808 llll.

743 957 948 1034 Responsum
974 958 1149 1033 loroitotis.

218 1270 249 1331 7.
273 1269 314 1330 Et
331 1271 452 1329 iterum
475 1267 516 1327 de
532 1267 705 1344 praedicta
730 1267 865 1328 turbida
882 1268 969 1326 nube
993 1267 1241 1327 audivivocem
1265 1266 1343 1326 huic
1362 1267 1496 1342 imagini
1522 1283 1722 1344 responsum

168 1373 316 1434 dantem:
344 1392 359 1431 ‹
380 1373 428 1432 Tu
443 1371 634 1448 periculosa
657 1377 691 1432 et
707 1370 869 1430 damnosa
887 1387 925 1430 ac
942 1370 1042 1430 nimis
1060 1385 1139 1429 aera
1155 1369 1367 1430 exacerbatio
1390 1385 1440 1445 es,
1458 1387 1543 1446 quae
1565 1387 1626 1432 nec
1640 1372 1720 1446 Deo,

172 1491 270 1536 »nec
285 1475 475 1553 praeceptis
498 1473 572 1551 ejus
588 1473 791 1551 respondere
815 1475 879 1548 vis;
898 1473 956 1534 sed
984 1489 1071 1550 quae
1099 1474 1132 1532 in
1156 1472 1340 1533 acerbitate
1364 1479 1422 1534 tua
1446 1489 1633 1551 permanea
1662 1475 1720 1536 sed

173 1597 189 1636 a
209 1594 271 1655 ego
289 1579 322 1638 in
346 1579 460 1655 pluvia
477 1583 511 1638 et
528 1593 616 1652 rore,
644 1578 678 1637 in
694 1583 862 1654 unguento
887 1593 926 1637 ac
943 1578 976 1637 in
993 1576 1158 1637 medicina
1182 1577 1276 1652 larga
1292 1593 1379 1652 sum,
1398 1578 1446 1636 ita
1466 1580 1555 1655 quod
1571 1595 1631 1657 per
1648 1595 1723 1656 gra-

170 1700 187 1738 »
207 1684 290 1742 tiam
307 1683 340 1742 in
355 1682 482 1758 pluvia,
499 1695 561 1757 per
576 1681 736 1757 gaudium
753 1681 787 1741 in
804 1695 891 1756 rore,
909 1695 970 1758 per
986 1680 1253 1740 miscricordiam
1269 1681 1301 1740 in
1327 1688 1508 1757 unguento,
1525 1699 1586 1759 per
1602 1701 1720 1746 conso-

170 1805 186 1843 »
206 1785 367 1846 lationem
382 1783 531 1845 omnium
547 1783 701 1845 dolorum
719 1785 753 1844 in
769 1784 935 1845 medicina
951 1799 1082 1860 operor,
1101 1788 1135 1843 et
1151 1782 1240 1860 quod
1265 1783 1328 1842 boc
1346 1782 1443 1843 modo
1462 1784 1495 1843 in
1511 1785 1565 1846 his
1589 1803 1720 1863 perma-

169 1907 185 1945 »
206 1889 302 1965 nebo,
321 1895 355 1948 et
370 1888 460 1966 quod
477 1887 527 1946 sic
545 1889 579 1948 in
595 1893 768 1948 aeternum
794 1888 951 1963 regnabo.
970 1888 1108 1947 Materia
1133 1891 1244 1946 autom
1264 1892 1319 1947 tua
1343 1885 1493 1961 gehenna
1510 1896 1574 1965 est,
1592 1890 1633 1951 de
1650 1909 1717 1969 qua

169 2012 185 2050 a
204 1993 307 2052 etiam
323 1999 441 2054 exorta
457 2009 505 2053 es.
526 2009 543 2050 a

211 2097 242 2157 8.
267 2096 328 2156 Sed
346 2098 446 2158 tertia
471 2097 581 2172 imago
598 2096 741 2157 formam
758 2095 903 2157 bominis
931 2096 1088 2170 habebat,
1110 2101 1249 2172 excepto
1275 2096 1364 2172 quod
1380 2102 1482 2174 caput
1507 2099 1614 2176 ipsius
1632 2103 1718 2164 inter

163 2201 323 2278 scapulas
340 2217 420 2260 suas
436 2217 457 2260 a
473 2215 613 2278 corpore
633 2201 862 2277 proeminens·
877 2207 946 2261 tam
971 2199 1078 2261 ferino
1094 2215 1195 2276 quam
1211 2199 1355 2260 humano
1377 2203 1479 2277 capiti
1504 2207 1715 2269 assimilaba-

164 2312 230 2365 tur.
248 2304 331 2364 Nam
347 2304 491 2379 grandes
508 2310 542 2364 et
558 2305 673 2379 igneos
690 2304 818 2379 oculoS,
837 2311 870 2364 et
887 2321 925 2364 os
942 2310 978 2364 ut
995 2303 1175 2380 leopardus
1200 2301 1356 2378 babebat,
1374 2311 1408 2363 et
1424 2306 1467 2365 ab
1488 2313 1630 2385 utraque
1647 2329 1716 2373 ma-

160 2408 254 2483 xilla,
273 2409 361 2467 linea
377 2407 464 2484 picei
481 2408 605 2468 coloris
622 2407 663 2468 ad
680 2414 829 2468 mentum
845 2409 919 2484 eius
944 2407 1178 2468 descendebat.
1196 2405 1310 2467 Sedet
1333 2407 1375 2468 ab
1398 2413 1541 2486 utroque
1565 2413 1715 2475 linearis

161 2511 237 2587 eius
253 2517 355 2587 caput
371 2511 539 2587 serpentis
555 2510 790 2588 descendebat,
808 2511 984 2572 etrmultas
1008 2511 1160 2570 flammas
1184 2525 1224 2570 ex
1247 2525 1304 2569 ore
1322 2527 1383 2571 suo
1405 2513 1591 2577 emittebat.
1609 2517 1714 2593 Super

157 2626 269 2690 genua
286 2621 398 2674 autem
415 2631 477 2675 sua
494 2615 607 2674 stabat
631 2615 761 2691 reliquo
777 2630 919 2691 corpore
927 2609 1059 2676 'erecto
1076 2613 1116 2673 Et
1132 2619 1234 2688 caput
1251 2630 1349 2673 suum
1373 2616 1470 2690 nigro
1487 2633 1527 2676 ao
1547 2619 1642 2694 piceo
1660 2637 1715 2680 ve-

158 2719 283 2779 lamine
301 2717 458 2780 muliebri
476 2733 569 2778 more
585 2717 864 2793 circumdederat,
884 2735 924 2779 ac
944 2720 1075 2795 reliquo
1091 2733 1232 2793 corpore
1254 2719 1438 2798 nigerrimo
1457 2720 1649 2785 indumento
1667 2727 1714 2786 in-

155 2822 335 2897 duebatur,
354 2823 409 2882 cui
426 2822 577 2882 manicae
592 2823 713 2881 viduae
726 2821 984 2896 descendebant,
1001 2823 1080 2898 quia
1097 2821 1235 2881 brachia
1252 2821 1361 2880 suain
1379 2823 1465 2882 idem
1480 2825 1709 2889 indumentum

157 2927 345 2986 introrsum
362 2925 556 3000 collegerat,
575 2931 609 2986 et
625 2925 768 2986 dicebat:

917 3135 953 3194 V.

782 3343 883 3403 Verbo
905 3345 1096 3420 impietatis.

199 3551 231 3613 9.
259 3572 276 3610 s
295 3553 361 3614 Nec
376 3553 456 3627 Deo,
474 3567 534 3613 nec
551 3552 678 3614 bomini
695 3552 831 3614 obedire
854 3553 941 3614 volo.
960 3551 994 3612 Si
1011 3553 1100 3613 enim
1125 3553 1191 3612 alio
1212 3553 1396 3628 obedirem,
1415 3556 1504 3630 quod
1521 3557 1562 3618 ad
1580 3560 1706 3622 utilita-

155 3675 172 3714 s
193 3660 260 3717 tem
278 3673 375 3718 suam
400 3657 595 3734 respiceret,
614 3673 667 3716 me
692 3657 802 3717 tacere
816 3657 960 3733 juberet,
986 3672 1047 3716 nec
1063 3657 1244 3717 utilitatem
1260 3650 1283 3734 ¹)
1302 3671 1411 3716 meam
1433 3659 1625 3738 inspiceret,
1645 3665 1703 3724 sed

154 3780 170 3819 »
191 3761 273 3822 mihi
298 3761 435 3822 diceret:
454 3761 550 3822 Cede.
568 3759 638 3822 Hoc
657 3767 768 3821 autem
793 3777 858 3821 non
875 3761 950 3821 erit.
964 3760 1047 3820 Nam
1065 3762 1095 3820 si
1111 3761 1188 3836 quis
1206 3759 1363 3836 injuriam
1380 3760 1462 3821 mihi
1484 3762 1646 3840 intulerit,
1666 3767 1705 3827 il-

153 3883 170 3922 »
192 3864 259 3925 Iam
275 3865 306 3924 ei
324 3866 516 3940 centuplum
534 3865 681 3940 reddam,
699 3871 733 3924 et
749 3879 871 3925 causas
888 3880 981 3925 meas
1006 3865 1056 3924 sic
1072 3863 1259 3940 disponam,
1278 3862 1365 3939 quod
1390 3865 1503 3926 nullus
1520 3867 1601 3927 mihi
1619 3872 1702 3930 resi-

153 3987 169 4025 »
190 3974 280 4029 stere
305 3969 435 4030 audeat.
454 3969 521 4029 Sub
544 3969 669 4030 nullius
686 3969 775 4028 enim
791 3969 933 4045 pedibus
947 3969 1064 4046 jacere
1076 3968 1163 4028 volo.
1177 3967 1259 4028 Nam
1276 3983 1546 4047 unamquamque
1562 3988 1700 4036 causam

152 4087 277 4148 »quae
293 4071 336 4132 ad
359 4073 541 4132 utilitatem
556 4089 666 4132 meam
690 4073 846 4149 pertinet,
867 4071 999 4148 faciam,
1026 4072 1115 4133 sicut
1131 4071 1363 4148 unusquisque
1390 4071 1480 4148 lacit,
1503 4076 1562 4150 qui
1587 4076 1700 4140 fatuus

153 4194 170 4230 a
191 4182 335 4236 nonest.
354 4175 387 4235 Si
403 4175 492 4235 Ileus
509 4177 582 4236 vult
599 4182 636 4236 ut
655 4175 776 4236 leniam
789 4176 879 4252 quod
897 4176 959 4236 tibi
976 4177 1120 4252 placeat,
1134 4191 1201 4235 non
1218 4175 1284 4234 nisi
1297 4175 1420 4235 bonum
1438 4177 1519 4238 mihi
1535 4179 1665 4243 inierat.
1682 4201 1698 4241 u

903 4385 952 4444 VI.

737 4595 943 4674 Responsum
964 4595 1110 4671 pietatis.

193 4799 246 4861 lo.
263 4799 303 4860 Et
320 4800 443 4862 iterum
458 4799 499 4862 de
516 4802 669 4878 praelata
693 4803 828 4863 turbida
844 4804 932 4864 nube
956 4803 1071 4864 audivi
1088 4817 1203 4862 vocem
1229 4801 1306 4861 huie
1323 4801 1399 4861 voci
1425 4803 1691 4879 respondentem:

148 4924 166 4962 ι
185 4905 233 4966 Tu
249 4905 417 4966 dlabolica
432 4912 465 4966 et
482 4907 631 4968 crudelis
647 4925 695 4984 es,
718 4913 752 4968 et
770 4923 925 4984 magnam
950 4909 1193 4984 malignitatem
1210 4906 1244 4964 in
1261 4911 1294 4966 te
1319 4905 1432 4967 babes.
1451 4907 1484 4967 Si
1501 4909 1589 4968 enim
1605 4909 1695 4971 Deus

153 5025 170 5064 a
189 5009 399 5084 permitteret
415 5015 448 5070 te
473 5010 584 5070 facere
600 5013 711 5072 omnia
734 5027 821 5088 quae
838 5013 955 5086 vallea,
981 5012 1059 5088 quis
1075 5017 1154 5071 tuno
1171 5011 1244 5084 ipse
1268 5010 1377 5070 esset?
1393 5011 1431 5070 Et
1449 5013 1478 5070 si
1494 5009 1582 5071 Deus
1607 5014 1694 5074 bona

184 5191 205 5254 ‘l
218 5193 256 5248 od
268 5193 415 5250 utilitatem
426 5193 459 5250 Α.

236 5300 410 5362 linimur.
437 5303 471 5362 T.
497 5304 578 5364 Vlll.
606 5307 627 5364 5
