3998 6100
251 520 313 567 XIV
854 525 1101 577 PROOEHIUH

200 654 283 744 401,
303 655 385 750 404,
405 655 486 748 580,
508 655 604 751 581).
624 653 693 742 Qui
710 664 910 753 susceptum
936 659 1060 732 saltem
1088 657 1217 730 librum
1250 655 1346 730 Vitae
1361 641 1555 732 mariarum
1574 657 1640 756 (1),
1669 658 1753 756 ipsis

197 787 233 853 et
250 779 422 854 Guiberto
449 781 601 874 missum,
630 782 769 877 publice
796 785 831 856 in
859 809 979 859 mensa
1004 783 1213 888 lectitabant
1239 782 1289 879 (p.
1319 784 1389 855 394
1417 786 1513 878 397).

250 908 327 996 Quo
361 909 568 984 commercio
598 909 796 985 litterarum
819 915 1034 1008 augebatur,
1062 912 1189 986 nedum
1209 912 1411 1008 expleretur
1429 912 1594 987 Guiberti
1620 915 1762 987 deside-

199 1038 291 1112 rium
305 1039 479 1112 invisendi
497 1039 673 1134 Bingense
691 1041 909 1114 asceterium.
930 1040 1048 1113 Etiam
1068 1041 1265 1136 incoeptum
1281 1064 1443 1112 unacum
1462 1042 1590 1114 abbate
1607 1043 1674 1115 iter
1687 1051 1748 1134 est,

201 1163 262 1236 sed
276 1188 481 1261 suspensum
496 1169 544 1263 (p.
560 1168 658 1264 393),
674 1168 858 1265 interjecto
871 1193 916 1242 ex
930 1168 1029 1242 falsis
1042 1168 1239 1242 rumoribus
1251 1168 1354 1242 ferali
1368 1171 1494 1242 nuntio
1506 1170 1550 1243 de
1562 1171 1661 1243 obitu
1675 1170 1755 1242 Hil-

203 1289 377 1387 degardis.
397 1292 554 1365 Tandem
573 1294 666 1367 socio
683 1294 718 1367 S.
736 1295 917 1368 Lamberti
931 1294 1136 1368 Leodiensis
1153 1296 1305 1392 quodam
1328 1296 1510 1390 canonico,
1533 1297 1576 1370 ad
1596 1304 1753 1395 optatum

202 1416 318 1490 locum
336 1419 510 1514 pervenit,
538 1443 655 1494 coram
680 1430 778 1495 stans
803 1447 881 1496 cum
900 1424 1130 1520 prophetissa,
1158 1423 1216 1496 ssd
1234 1433 1386 1520 quatuor
1408 1424 1530 1498 diebus
1552 1425 1751 1499 dumtaxat.

204 1546 319 1621 Paulo
333 1556 498 1644 postcom
509 1549 872 1646 obiissetWolmarus,
885 1553 921 1624 in
936 1553 1198 1650 epistolaquam
1206 1553 1362 1628 dolemus
1370 1553 1550 1648 excidisse,
1562 1554 1752 1652 Hildegar-

200 1675 481 1751 disGuibertum
507 1685 644 1752 mortuo
661 1679 922 1776 subrogandum
940 1681 1124 1754 accersivit
1150 1680 1199 1778 (p.
1220 1683 1319 1778 578).
1347 1681 1506 1754 Licentia
1532 1682 1593 1754 vix
1612 1682 1757 1754 obtenta

207 1830 273 1904 ope
288 1804 445 1902 Philippi
458 1804 495 1877 in
510 1804 621 1880 Pareo
637 1807 785 1896 abbatis,
801 1807 929 1881 iterum
943 1831 1021 1880 eum
1037 1809 1129 1882 socio
1139 1807 1330 1881 Wolchero
1342 1807 1579 1881 Helnonensis
1593 1807 1758 1880 abbatiae

208 1932 368 2026 custode,
396 1933 509 2006 denuo
536 1934 681 2006 accessit
707 1934 751 2007 ad
778 1935 812 2008 S.
841 1935 1049 2032 Rupertum.
1076 1936 1152 2007 Vix
1177 1935 1378 2028 advenerat,
1409 1958 1517 2032 quum
1543 1933 1612 2008 duo
1638 1957 1754 2007 rerum

206 2061 456 2159 temporalium
482 2068 516 2134 et
542 2062 778 2159 spiritualium
798 2086 907 2160 supra
923 2062 1105 2136 memorati
1124 2072 1303 2136 curatores
1319 2061 1424 2134 simul
1441 2060 1660 2134 interierunt.
1681 2059 1757 2132 Un-

207 2189 252 2263 de
277 2197 372 2262 totus
397 2189 604 2262 monialium
630 2197 822 2264 convontus
839 2214 916 2263 cum
935 2198 1049 2263 matre
1066 2190 1170 2262 enixe
1186 2188 1407 2281 obstiterunt,
1426 2211 1471 2260 ne
1486 2186 1532 2259 ad
1548 2210 1613 2260 sua
1639 2210 1754 2259 rever-

207 2324 352 2390 teretur.
379 2316 461 2414 Ipse
486 2315 641 2390 Joannes
667 2317 776 2390 abbas
801 2315 1076 2408 Gemblaeensis,
1104 2337 1292 2411 properare
1308 2323 1449 2386 coactus
1469 2337 1491 2385 a
1508 2311 1590 2402 suis,
1614 2319 1655 2385 ut
1671 2310 1759 2384 Gui-

207 2450 344 2524 bertum
371 2450 562 2540 reduceret,
589 2449 704 2523 vietus
719 2450 822 2546 quasi
848 2448 981 2544 ejulatu
1007 2445 1224 2536 monialium,
1253 2443 1414 2515 inefficax
1440 2449 1475 2516 st
1496 2442 1591 2515 solus
1608 2438 1759 2512 recessit.

211 2574 317 2650 Unda
344 2601 407 2674 per
423 2577 509 2651 duos
532 2600 642 2650 annos
668 2577 832 2672 integros,
860 2576 966 2649 etiam
993 2583 1070 2672 post
1095 2571 1316 2647 venerandae
1341 2569 1538 2644 abbatissae
1564 2575 1759 2640 extremum

209 2706 313 2800 diem,
333 2707 370 2780 iu
393 2707 469 2804 ejus
486 2707 696 2782 monasterio
713 2706 914 2804 permansit.

261 2841 338 2914 Nec
354 2841 465 2915 solum
486 2842 519 2913 in
539 2848 641 2914 tanta
663 2865 761 2913 mora
779 2840 889 2934 licuit,
907 2838 1136 2936 Hildegardis
1153 2838 1302 2930 nomine,
1323 2836 1510 2910 extendere
1528 2829 1763 2929 amplissimas

213 2971 364 3070 paginas
380 2971 423 3043 de
441 2972 677 3069 contemplata
702 2970 822 3044 Sancti
849 2969 995 3042 Martini
1021 2968 1133 3064 gloria
1158 2970 1208 3064 (p.
1228 2968 1413 3059 sse-378),
1441 2966 1484 3038 de
1505 2964 1640 3037 visione
1656 2961 1761 3032 trium

215 3100 390 3176 virtutum
405 3102 455 3199 (p.
475 3104 662 3198 415-434);
676 3127 745 3175 non
764 3102 876 3174 solum
892 3100 1056 3196 colligere
1069 3099 1164 3196 juvit
1181 3097 1384 3172 fasciculum
1405 3096 1642 3193 epistolarum,
1662 3098 1765 3190 prout

215 3227 283 3300 sibi
308 3228 438 3301 dudum
465 3229 673 3325 promiserat
699 3227 750 3327 (p.
770 3231 866 3324 399):
894 3229 952 3302 sed
980 3250 1067 3324 opus
1093 3233 1364 3322 aggressusest,
1391 3223 1558 3321 prolecto,
1581 3222 1611 3294 si
1637 3221 1680 3294 ud
1703 3243 1765 3294 nos

216 3360 442 3458 pervenisset,
470 3361 573 3436 cedro
600 3360 790 3453 linendum,
809 3360 919 3432 vitam
937 3381 1063 3454 nempe
1088 3365 1232 3430 sanctae
1256 3353 1494 3449 Hildegardis,
1522 3353 1598 3449 ipsa
1623 3351 1764 3423 vivente

216 3490 427 3588 incoeptam,
455 3491 717 3587 expolitumque
743 3490 788 3562 ab
813 3487 947 3562 oculari
973 3495 1069 3578 teste,
1097 3485 1208 3580 gravi,
1235 3483 1364 3571 solerti,
1391 3480 1542 3577 copioso,
1568 3477 1629 3574 qui
1656 3477 1760 3549 etiam

217 3621 320 3694 nubis
336 3619 465 3694 referre
492 3619 659 3717 potuisset
681 3617 909 3713 Hildegardie
926 3616 1117 3690 novissima
1134 3615 1239 3686 verba
1257 3621 1291 3686 et
1308 3620 1483 3710 postrema
1499 3607 1680 3701 vaticinia,
1706 3605 1766 3678 sed

218 3750 313 3846 quod
330 3758 487 3847 superest
501 3751 538 3822 in
552 3749 688 3823 duobus
700 3771 780 3821 mss.
795 3745 1040 3836 voluminibus,
1059 3743 1180 3817 eodem
1194 3742 1295 3815 modo
1312 3741 1474 3814 mutilum
1488 3746 1549 3811 est:
1564 3736 1624 3808 hic
1643 3735 1681 3807 in
1698 3755 1768 3805 me·

220 3879 281 3952 dia
298 3879 429 3976 pagina
455 3902 576 3972 vacua,
604 3877 678 3951 illie
703 3876 747 3952 ad
773 3875 903 3949 calcem
921 3871 1172 3969 quaternionis,
1200 3870 1298 3965 cujus
1315 3891 1463 3963 sequens
1485 3873 1546 3939 aut
1563 3863 1678 3961 periit,
1706 3869 1768 3934 aut

223 4007 354 4080 alicubi
380 4005 467 4082 latet
492 4008 642 4104 ignotus.
669 4005 818 4078 Utinam
843 4001 1005 4076 restituta
1031 4024 1075 4072 ex
1101 4000 1278 4096 insperato
1296 3997 1433 4085 lacuna,
1461 3994 1611 4090 denique
1627 3990 1768 4064 tandem

223 4153 312 4227 opus
325 4131 520 4204 redivivum
538 4155 582 4204 ex
600 4154 681 4202 orco
699 4130 865 4224 emergat!
883 4130 937 4226 (2)

263 4441 979 4514 (ttsanderus.bibliothecasllelgioasdescribens.
1025 4438 1152 4508 legenda.
1174 4439 1203 4494 in
1222 4439 1291 4494 Vlll
1311 4437 1483 4494 lectionibus
1501 4435 1603 4497 divise.
1622 4450 1695 4504 ortae
1708 4431 1768 4488 llot-

227 4535 340 4587 cxstere
363 4531 473 4588 nutarit
500 4533 615 4588 Libmrm
635 4535 708 4588 or'tue
728 4533 883 4586 mmor
905 4526 978 4598 apud
1024 4524 1160 4580 leudistas
1180 4523 1255 4594 sugit
1275 4525 1344 4591 (vid
1356 4541 1384 4596 p.
1399 4525 1475 4588 llll,
1492 4521 1526 4577 ad
1539 4536 1633 4586 usum,
1648 4526 1679 4576 ut
1694 4519 1767 4576 rido-

229 4617 427 4680 Villaricnses.
448 4618 572 4690 idipsum
587 4617 705 4674 tortasse
721 4617 853 4672 volumen
867 4616 903 4670 ab
916 4613 979 4669 Hil—
1025 4617 1082 4674 tur,
1108 4610 1186 4667 ebori
1206 4607 1433 4669 Gemblecensis.
1459 4613 1609 4678 antequam
1630 4603 1767 4660 Brevierii

230 4704 351 4774 degarde
378 4704 496 4760 missum
522 4710 550 4760 et
575 4719 590 4758 a
614 4703 755 4760 Guibcrto
780 4707 977 4759 memoratum.
1023 4697 1173 4754 monastici
1193 4695 1260 4753 ordo
1274 4708 1405 4768 praesens
1425 4697 1609 4755 statueretur,
1624 4706 1687 4748 curn
1703 4697 1769 4746 nota

230 4791 305 4848 Brbl.
321 4790 398 4864 Bclp.
420 4807 466 4846 mr.
483 4787 588 4846 lnsulis
608 4791 674 4845 tatt
695 4805 721 4861 p.
738 4789 927 4858 maculosi
948 4790 982 4845 il·
1024 4784 1201 4842 successione
1211 4783 1386 4856 Scripturas.
1397 4780 1530 4851 legendae
1540 4779 1725 4844 etbomiliae;
1738 4783 1770 4836 ut

231 4877 280 4933 lud
293 4874 506 4947 llllligbemiurn
525 4875 682 4939 transierit,
696 4875 762 4934 inde
773 4876 981 4933 Termundum?
1024 4879 1222 4945 argumentum
1237 4871 1302 4927 inde
1321 4869 1369 4931 sit.
1390 4868 1499 4924 cultum
1513 4866 1659 4939 publicum
1674 4865 1772 4922 Hilde-

266 4965 305 5030 (²)
325 4961 502 5018 Desiderium
523 4978 579 5018 non
598 4961 692 5034 explet
713 4978 795 5026 nova.
819 4963 865 5018 sed
885 4964 980 5020 brevis
1024 4961 1144 5030 gurdiae
1159 4955 1352 5016 sacculolllll
1366 4951 1511 5012 Gemblaci
1527 4951 1692 5023 incoepisse.
