3992 6092
310 467 354 538 58
887 491 913 537 s.
943 485 1213 539 urtnnoanurs

274 626 351 672 oum
368 607 476 672 infixis
490 610 613 688 jaculis
630 615 846 687 peecatorum
859 611 988 672 animas
1005 611 1193 686 vulnerant,
1207 627 1284 672 oum
1301 612 1424 689 quibus
1437 611 1539 673 etiam
1556 601 1751 677 vulneribus
1763 619 1823 676 aas

272 714 444 777 multoties
469 715 593 775 aeriter
608 719 854 791 pertranseunt.
872 714 954 776 Nam
971 720 1005 775 et
1027 715 1301 790 rationalitatem,
1320 729 1406 793 quae
1431 716 1464 776 in
1481 716 1564 793 ipsis
1589 724 1652 794 est,
1671 718 1713 779 ad
1734 720 1823 780 mala

272 825 438 896 avertunt,
463 835 503 880 ac
519 834 594 880 eam
618 819 706 880 sieut
722 818 871 894 gladium
895 833 969 878 oum
989 818 1178 879 infidelibus
1202 819 1316 880 verbis
1340 825 1475 895 acuunt,
1496 826 1531 880 et
1555 819 1697 882 ludendo
1714 836 1753 882 ac
1772 821 1825 897 jos

272 921 390 999 cando,
416 921 595 999 quamdam
618 920 820 997 elegantiam
835 921 979 996 elevant,
998 921 1032 980 in
1050 937 1116 997 qua
1132 922 1303 998 elegantes
1319 938 1357 982 se
1380 922 1570 999 ostendunt,
1596 922 1697 984 etsie
1718 924 1824 1000 pluri·

273 1043 347 1086 mos
364 1025 406 1087 ad
422 1039 460 1085 se
476 1023 660 1100 trahentes
680 1025 810 1084 animas
827 1024 962 1084 illorum
977 1024 1166 1099 vulnerant,
1184 1039 1260 1084 oum
1277 1040 1335 1086 eos
1352 1023 1415 1084 hoo
1432 1024 1529 1086 modo
1546 1024 1719 1100 seducunt.

967 1183 1128 1291 cxxnuss

313 1439 377 1514 ert'
392 1443 429 1501 in
446 1439 577 1500 saecuto
588 1439 739 1517 pleniter
754 1456 821 1500 non
834 1444 1035 1518 purgantur,
1054 1437 1240 1516 corporatae
1257 1441 1364 1515 exuti,
1377 1439 1514 1517 plenius
1530 1442 1781 1502 examinantur.

314 1648 391 1710 143.
416 1647 478 1708 Sed
495 1647 553 1724 qui
570 1647 701 1708 animas
718 1664 797 1707 suas
814 1647 856 1708 ad
872 1645 977 1706 Deum
1000 1647 1131 1722 erigere
1146 1647 1276 1721 volunt,
1294 1647 1336 1707 ab
1360 1646 1415 1706 his
1430 1647 1637 1708 vanitatibus
1659 1665 1696 1709 se
1711 1649 1819 1710 conti-

270 1758 382 1829 neant,
399 1767 460 1813 nee
476 1767 536 1812 eas
560 1752 614 1812 his
630 1751 827 1813 vulneribus
844 1751 1032 1827 perniciosa
1047 1751 1219 1812 vulnerari
1242 1751 1449 1827 permittant,
1466 1757 1501 1811 et
1515 1751 1556 1811 de
1579 1753 1728 1828 peccatis
1745 1755 1819 1816 suis

268 1857 349 1918 dum
364 1863 517 1932 possunt,
542 1856 782 1932 poenitentiam
798 1861 909 1931 agant,
932 1855 1090 1931 quoniam
1107 1856 1238 1916 animae
1262 1855 1409 1931 illorum,
1428 1855 1486 1932 qui
1503 1857 1536 1916 in
1552 1857 1687 1918 saeculo
1703 1860 1817 1935 poeni·

271 1959 412 2019 tentiam
426 1957 598 2033 facientes,
612 1958 755 2034 pleniter
768 1963 879 2017 tamen
891 1973 956 2018 non
968 1963 1166 2034 purgantur,
1178 1957 1258 2032 quia
1274 1956 1439 2033 corporali
1452 1963 1560 2018 morte
1572 1973 1820 2036 praeoccupan-

268 2068 335 2138 tur,
353 2063 551 2138 oorporibus
568 2063 640 2122 suis
664 2067 795 2137 exutae,
813 2063 847 2121 in
863 2061 979 2137 poenis
999 2076 1084 2137 quas
1101 2067 1306 2136 meruerunt,
1327 2061 1615 2138 examinabuntur,
1632 2067 1670 2122 ut
1685 2062 1818 2138 praedi-

267 2170 359 2226 ctum
386 2172 449 2226 est.
474 2165 564 2226 Haeo
587 2173 700 2227 autem
723 2165 765 2226 de
792 2164 1034 2241 poenitentium
1058 2163 1234 2225 animabus
1261 2164 1444 2240 purgandis
1467 2171 1501 2224 et
1528 2165 1699 2226 salvandis
1722 2166 1814 2227 diota

220 2289 221 2294 ¹
266 2273 356 2344 sunt,
380 2273 414 2329 et
438 2269 548 2331 tidelia
576 2277 665 2346 sunt;
690 2275 725 2332 et
748 2269 855 2331 tidelis
879 2269 934 2330 his
961 2268 1123 2342 attendat,
1148 2273 1182 2327 at
1198 2282 1237 2328 ea
1254 2267 1288 2328 in
1304 2268 1499 2328 memoriam
1524 2269 1629 2330 bonae
1650 2271 1814 2332 scientiae

266 2378 453 2449 componat.
