3998 6100
287 541 322 590 lV
885 541 1135 591 Pnooantunt

233 678 481 776 perfunctorie,
509 676 671 750 evolvere
686 677 797 774 potui.
816 677 1005 776 Suppetias
1030 678 1217 774 diligenter
1243 676 1440 749 attulerunt
1455 675 1516 748 alii
1541 674 1785 749 solesmenses.

234 809 354 882 Etiam
372 834 473 904 opem
492 809 640 881 amicam
660 808 870 881 recentiores
886 808 1127 880 Bollandistae
1145 807 1239 880 ultro
1256 806 1436 880 dederunt.
1461 805 1535 878 Neo
1553 813 1672 877 tamen
1690 809 1786 874 certa

234 936 322 1010 mihi
341 935 468 1009 fiducia
485 945 536 1008 est
553 935 764 1008 exhaustam
781 959 855 1008 esse
871 935 916 1007 ad
934 959 1018 1008 usus
1036 958 1130 1007 meos
1143 933 1378 1007 aurifodinam
1397 933 1697 1007 Gemblacensem.

288 1063 446 1136 Alteram
474 1063 599 1134 seriem
617 1063 680 1133 vix
705 1061 967 1159 locupletiorem
994 1060 1137 1160 collegit
1152 1085 1184 1132 a.
1214 1063 1308 1134 1220
1325 1059 1481 1149 Gabene,
1509 1059 1604 1156 prior
1629 1057 1785 1130 Eberha-

236 1195 359 1284 oensis,
385 1217 497 1289 euque
523 1193 557 1264 in
586 1193 709 1289 primis
725 1191 850 1288 selegit
866 1213 957 1286 qnae
973 1189 1019 1262 ad
1044 1188 1164 1263 lutura
1190 1196 1348 1286 tempore
1373 1196 1532 1286 spectare
1555 1185 1783 1270 existimavit,

231 1321 465 1416 addendoque
490 1320 629 1393 curavit
655 1320 795 1392 cuidam
821 1318 988 1392 historico
1013 1317 1167 1414 speculo,
1191 1317 1266 1390 sire
1283 1319 1514 1392 Pentachrono
1528 1316 1615 1412 (vid.
1638 1315 1732 1388 infra
1749 1338 1785 1410 p.

235 1452 425 1546 483-488);
452 1472 544 1543 quae
570 1447 699 1544 passim
720 1447 756 1517 in
773 1445 893 1519 multis
920 1445 1085 1540 Europae
1103 1443 1334 1533 bibliothecis,
1361 1451 1464 1516 extre
1488 1442 1641 1536 Italiam,
1668 1439 1785 1538 potius

237 1579 467 1676 negliguntur
483 1601 590 1673 quarn
608 1583 847 1648 asservantur.

286 1711 453 1784 Caeteros
469 1731 552 1781 vero
570 1707 699 1780 classes
715 1707 818 1802 longe
835 1713 979 1802 superat
1005 1705 1111 1776 series
1128 1705 1308 1778 recondita
1336 1706 1372 1776 in
1389 1704 1507 1777 codice
1532 1701 1784 1774 Vindobonen-

240 1841 270 1912 si
289 1843 370 1934 629,
391 1841 427 1913 in
445 1813 514 1936 quo
531 1838 628 1911 haud
645 1837 828 1935 pauciores
851 1858 956 1931 quam
974 1835 1201 1930 septuaginta
1226 1858 1298 1907 una
1314 1857 1421 1930 supra
1438 1843 1577 1907 centum
1604 1832 1784 1906 continen-

236 1978 295 2040 tur
321 1966 501 2064 epistolae,
528 1988 679 2061 quarum
705 1971 845 2037 centurn
872 1970 907 2035 et
933 1962 1061 2058 viginti
1087 1986 1182 2035 nunc
1214 1963 1364 2058 primam
1390 1962 1426 2033 in
1453 1960 1566 2033 lucem
1593 1958 1785 2031 succedunt

137 2123 139 2128 ’
238 2092 607 2189 (infrap519-574).
627 2091 740 2166 Immo
759 2092 862 2189 plura
880 2091 1063 2165 Caesareis
1080 2115 1125 2164 ex
1143 2090 1273 2188 pluteis
1290 2089 1500 2176 ambiebam,
1523 2088 1669 2184 jamque
1691 2111 1783 2159 unus

236 2219 348 2291 codex
373 2219 518 2292 minoris
541 2219 720 2314 momenti,
739 2229 860 2318 utpote
876 2219 1087 2313 Gebenonis,
1108 2219 1225 2292 adme
1244 2225 1463 2314 pervenerat.
1480 2216 1547 2289 Sed
1566 2239 1656 2304 ecce,
1674 2239 1781 2311 quum

238 2343 421 2440 inopinum
448 2353 482 2417 et
508 2343 616 2418 ferale
642 2346 842 2420 incendium
869 2346 1065 2420 sustulisset
1092 2349 1128 2419 in
1162 2346 1379 2441 conflagrato
1412 2343 1631 2417 Mommsenii
1664 2368 1782 2418 museo

234 2470 412 2566 quoddam
440 2477 586 2554 aaronem
612 2472 835 2567 Caesareum,
862 2471 1006 2546 horrore
1020 2473 1115 2569 justo
1138 2472 1301 2568 perculsi,
1324 2469 1508 2544 Praesides
1533 2477 1689 2542 caeteros
1714 2470 1787 2567 epi·

238 2598 408 2671 stolarum
423 2599 559 2672 codices
576 2599 622 2673 ad
639 2625 695 2672 me
712 2601 906 2674 transmitti
923 2603 1140 2697 refugerunt.
1160 2605 1375 2675 Annuerunt
1389 2611 1508 2675 tamen
1521 2599 1784 2693 humanissime,

234 2737 274 2800 ut
298 2729 474 2823 quaedam
499 2729 775 2802 amanuensibus
802 2754 823 2803 a
848 2753 903 2802 me
929 2731 1112 2804 conductis
1130 2733 1445 2826 committerentur;
1464 2754 1613 2826 quorum
1636 2729 1786 2825 diligen·

235 2859 286 2930 tia
304 2858 400 2932 haud
416 2859 466 2931 ita
482 2868 663 2956 comperta
678 2868 807 2954 manet,
822 2862 909 2956 quin
923 2885 1048 2934 verear
1065 2885 1109 2934 ne
1122 2872 1264 2959 praeter
1279 2863 1432 2959 plurima
1448 2863 1585 2951 menda,
1612 2862 1719 2934 etiam
1737 2859 1789 2933 la·

237 3009 351 3059 ennae
368 2986 404 3058 in
424 2987 630 3085 apographa
648 2989 863 3087 irrepserint.
882 2991 985 3064 Adde
1002 2991 1105 3086 quod,
1126 2993 1266 3089 prolixa
1282 3017 1389 3089 quum
1407 2992 1477 3064 sint
1493 2991 1581 3064 haec
1599 3015 1692 3064 nore
1704 3015 1786 3088 syn-

239 3127 410 3214 tagmata,
428 3119 490 3216 qui
507 3144 549 3193 ea
566 3119 647 3194 olim
666 3121 866 3218 colligenda
883 3133 1108 3214 curaverunt,
1136 3125 1295 3219 singulae
1313 3125 1502 3198 rescribere
1519 3123 1685 3220 epistolas
1700 3124 1787 3197 omi·

237 3257 369 3344 serunt,
396 3251 524 3346 quibus
549 3250 736 3348 respondet
762 3251 1002 3346 Hildegardis:
1021 3253 1114 3325 unde
1132 3253 1208 3349 ejus
1224 3254 1368 3347 monita,
1387 3253 1654 3349 quaestionibus
1678 3253 1786 3326 inter-

237 3377 439 3475 rogantium
456 3379 636 3467 destituta,
656 3402 725 3452 non
744 3379 867 3476 paucis
884 3381 1038 3453 tenebris
1055 3381 1271 3455 obsidentur.

287 3505 379 3592 Quid
398 3504 519 3602 plura?
535 3505 610 3580 Sub
628 3506 742 3602 ipsum
760 3506 867 3601 hujus
883 3507 1014 3581 saeculi
1032 3507 1183 3601 initium,
1202 3509 1378 3582 Caesarea
1394 3509 1486 3582 inter
1502 3513 1646 3598 κειμήλικ,
1665 3531 1786 3604 super·

238 3632 337 3703 biens
363 3631 506 3704 emicuit
531 3631 688 3704 omnium
713 3631 943 3728 Hildegardis
967 3633 1125 3708 codicum
1154 3634 1265 3730 major
1291 3642 1326 3707 et
1343 3635 1588 3730 praestantior:
1615 3635 1789 3708 membra-

233 3780 338 3828 neum
364 3757 489 3852 ingens
514 3766 792 3854 monumentum,
820 3781 908 3832 aevo
933 3760 1008 3856 ejus
1034 3760 1197 3856 aequale,
1230 3761 1267 3833 in
1294 3784 1364 3857 quo
1397 3768 1537 3858 praeter
1571 3761 1789 3858 tripartitum

240 3909 327 3980 opus
340 3886 497 3977 (sauma,
521 3886 619 3960 Vitae
635 3890 764 3977 aaran,
783 3889 914 3960 Divino
929 3893 1058 3981 epac),
1078 3897 1218 3984 praeter
1236 3889 1499 3983 evangeliorum
1517 3891 1673 3985 integras
1690 3913 1790 3980 eapo-

235 4013 376 4098 alttonea,
396 4018 536 4107 praeter
554 4013 703 4103 linquam
720 4016 877 4104 aarum
903 4017 1068 4088 cauma
1083 4017 1305 4105 harmoniam,
1334 4016 1445 4112 ipsam
1464 4018 1576 4106 ubam,
1604 4039 1649 4088 ex
1666 4015 1789 4088 ordine

234 4141 468 4214 arrccedebant
494 4140 662 4237 epistolae
688 4145 770 4232 283,
789 4167 938 4238 quarum
958 4145 1002 4216 79
1022 4152 1160 4217 tantum
1179 4145 1295 4218 editae
1313 4145 1489 4218 dicuntur.
1507 4145 1649 4241 Stupori
1669 4167 1785 4240 parce,

238 4275 357 4347 lector.
377 4273 428 4346 Ut
444 4273 644 4347 audivimus
660 4276 706 4347 ab
721 4275 952 4369 Hildegarde,
970 4301 1001 4348 a.
1024 4278 1114 4349 1141
1135 4277 1211 4372 ipsa
1225 4278 1376 4374 primurn
1394 4277 1596 4351 absolverat
1623 4275 1787 4348 volumen

240 4435 253 4466 a
275 4401 555 4498 Responsionum
574 4432 601 4492 a,
630 4402 724 4498 quod
742 4402 823 4475 licet
841 4403 964 4498 ingens
980 4404 1110 4476 dixerit
1136 4403 1364 4493 Trithemius,
1379 4429 1451 4478 non
1469 4405 1564 4476 ultra
1581 4411 1722 4476 centum
1747 4409 1783 4474 et

237 4528 387 4624 triginta
400 4527 732 4624 qninqueepistolas
745 4529 978 4623 spatiabatur.
989 4529 1103 4616 Quum
1120 4555 1200 4602 vero
1215 4530 1412 4604 adhuolere
1425 4530 1664 4626 quadraginta
1678 4551 1790 4602 annos

238 4659 476 4755 supervixerit
492 4681 581 4731 cana
609 4657 839 4754 prophetissa,
867 4683 980 4754 neque
997 4658 1169 4730 destiterit
1185 4660 1330 4732 oracula
1348 4668 1383 4732 et
1400 4657 1570 4732 vaticinia
1596 4659 1792 4732 innumeris

237 4788 376 4863 tradere
401 4787 445 4860 ad
471 4787 644 4883 tripodem
662 4790 961 4877 concurrentibus,
990 4789 1077 4860 nihil
1104 4789 1230 4862 mirum
1248 4791 1417 4887 sibyllina
1443 4789 1529 4862 lolia
1554 4790 1628 4861 lere
1645 4789 1690 4860 ad
1716 4796 1788 4861 ter-

236 4941 324 4989 rena
346 4916 587 5014 pullulavisse.
605 4917 672 4990 Sed
691 4917 751 4990 ubi
777 4917 888 4990 codex
907 4917 966 4989 ille
984 4942 1069 4990 auro
1087 4918 1245 4992 charior?
1263 4919 1298 4990 A
1315 4917 1540 5014 septuaginta
1567 4916 1707 4988 circiter
1725 4941 1788 4988 an-

236 5051 301 5136 nis,
320 5073 389 5144 quo
406 5050 479 5122 lato
498 5049 661 5140 nescitur,
691 5049 724 5119 in
753 5056 881 5120 natura
899 5072 1014 5120 rerum
1040 5072 1110 5120 non
1129 5056 1318 5144 comparet.
1341 5046 1538 5120 Evanuisse
1564 5054 1682 5118 tamen
1705 5069 1784 5118 eum

240 5171 344 5274 aegro
358 5204 434 5252 cunr
452 5204 653 5275 persuasum
674 5179 832 5265 helicem,
849 5201 1025 5272 quumque
1039 5177 1237 5272 hujrrsmodi
1255 5176 1376 5248 exules
1391 5176 1425 5246 in
1441 5174 1608 5247 extremis
1627 5173 1790 5268 Europae
