3992 6092
703 557 733 607 11
763 557 883 608 cisen
913 559 1015 608 vrrs
1043 561 1285 610 usnrronnn
1684 545 1728 608 93

214 675 414 743 charitatem
439 678 570 756 affligit,
595 695 671 741 cum
696 696 798 758 opera
821 679 895 756 ejus
919 680 1004 756 odit,
1030 682 1063 740 et
1086 695 1163 740 cum
1180 681 1357 741 veritatem
1373 679 1416 739 ad
1432 677 1642 740 mendacium
1657 680 1761 756 ponit.

211 783 302 847 idem
327 786 429 847 etiam
454 784 554 846 homo
578 786 613 846 in
638 783 894 846 amaritudinem
913 784 1005 845 illam
1022 800 1059 844 se
1076 784 1226 860 involvit,
1245 783 1334 862 quod
1351 784 1455 845 vitam
1473 783 1634 863 operibus
1650 786 1771 846 mortis

208 887 333 964 vendit,
359 894 393 948 et
417 887 505 966 quod
529 887 686 964 poculum
704 889 823 948 mortis
840 887 936 964 bibit,
954 893 988 948 et
1004 889 1093 965 quod
1108 888 1142 948 in
1158 888 1234 948 doio
1251 889 1492 949 sciscitationis
1509 888 1660 964 inquirit,
1678 903 1760 966 quo-

207 991 306 1052 modo
318 1007 589 1070 unamquamque
602 1007 672 1053 rem
686 991 925 1070 apprehendat,
936 998 970 1053 et
982 991 1148 1069 quomodo
1161 1007 1235 1053 eam
1249 990 1431 1052 secundum
1441 991 1648 1051 voluntatem
1661 1006 1757 1052 suam

207 1101 241 1156 et
265 1094 394 1156 dividat
410 1097 444 1156 et
460 1095 628 1172 reprobet.
647 1095 743 1156 Hunc
758 1111 893 1172 quoque
909 1095 1076 1156 hominem
1094 1095 1262 1156 interdum
1277 1095 1411 1170 occidit,
1430 1095 1527 1171 cuius
1543 1092 1757 1155 defensorem

208 1213 244 1259 se
257 1214 333 1258 esse
346 1199 561 1278 repromittit,
570 1198 662 1259 Unde
674 1215 740 1259 non
756 1199 910 1274 seminat,
925 1198 1014 1276 quod
1031 1200 1064 1260 in
1081 1199 1144 1260 ilde
1163 1205 1197 1259 et
1212 1199 1359 1260 utilitate
1375 1201 1490 1274 motat;
1508 1213 1570 1258 nee
1587 1199 1620 1258 in
1637 1197 1758 1258 horrea

206 1308 398 1379 congregat,
424 1303 513 1379 quod
536 1301 625 1363 Deus
649 1302 729 1363 liliis
753 1303 825 1363 suis
849 1302 1031 1380 dispensat;
1051 1303 1109 1364 sed
1125 1302 1285 1379 operibus
1302 1302 1336 1363 in
1353 1302 1477 1379 quibus
1492 1302 1648 1379 nequiter
1664 1300 1757 1362 labo-

208 1407 271 1481 rat,
298 1405 363 1467 sibi
387 1405 498 1467 dirum
521 1407 684 1482 gemitum
709 1407 913 1483 accumulat;
937 1421 999 1467 nec
1021 1407 1182 1484 gaudium
1197 1408 1288 1468 vitae
1303 1405 1485 1478 desiderat,
1507 1405 1566 1466 sed
1582 1405 1617 1467 in
1632 1405 1757 1482 ample-

204 1508 302 1569 xione
326 1525 389 1570 sua
405 1510 553 1571 laborem
570 1509 697 1572 doloris
715 1509 833 1585 babet,
852 1510 886 1570 in
901 1527 967 1588 quo
983 1510 1088 1572 ileum
1104 1527 1172 1572 non
1188 1511 1332 1573 invocat.
1350 1510 1441 1572 Haec
1458 1515 1571 1572 autem
1586 1508 1627 1570 de
1643 1509 1756 1586 poeni·

202 1613 345 1674 tentium
369 1614 545 1676 animabus
569 1613 753 1691 purgandis
777 1619 812 1674 et
833 1614 1004 1676 salvandis
1022 1615 1219 1692 dictasunt,
1237 1621 1271 1677 et
1288 1615 1400 1676 tidelia
1417 1620 1508 1691 sunt,
1525 1619 1560 1675 et
1575 1613 1683 1676 fidelis
1700 1611 1754 1674 bis

205 1717 366 1792 attendat,
384 1722 474 1778 elea
491 1718 525 1778 in
541 1719 739 1779 memoriam
756 1719 864 1779 bonae
881 1719 1042 1780 scientiae
1059 1726 1246 1796 componat.

248 1819 300 1880 75.
326 1819 366 1881 Et
388 1821 458 1881 vidi
482 1820 568 1882 aiios
592 1820 765 1898 praefatae
789 1821 1015 1884 multitudinis
1041 1823 1191 1900 spiritus,
1210 1823 1267 1900 qui
1285 1821 1560 1884 vociferabantur
1583 1819 1751 1880 dicentes:

206 1943 221 1980 ι
240 1923 374 1984 Lucifer
395 1924 524 2001 maiora
540 1931 573 1985 et
590 1925 687 2002 plura
704 1925 868 1987 miracula
883 1927 917 1988 in
934 1943 971 1987 se
987 1926 1089 1988 habet
1105 1943 1206 2004 quam
1223 1927 1257 1987 in
1272 1927 1339 1988 ileo
1356 1927 1433 1988 sint.
1446 1925 1528 1999 Quis
1544 1921 1678 1984 Lucifer
1693 1920 1750 1994 sit,

205 2027 387 2104 issima,
412 2027 516 2088 alium
540 2033 651 2089 autem
676 2027 782 2090 Deum
804 2031 1008 2092 nolumus.»
1035 2031 1095 2092 lsti
1113 2031 1264 2092 homines
1281 2030 1323 2091 ad
1347 2029 1554 2107 impietatem
1578 2026 1755 2088 exhortan-

202 2131 268 2206 tur,
286 2145 389 2206 quam
404 2147 525 2208 magno
544 2133 596 2192 sui
612 2132 826 2210 detrimento,
845 2133 904 2210 qui
920 2149 993 2195 eam
1011 2134 1166 2212 diligunt,
1183 2135 1368 2197 imitantur.

919 2359 1041 2419 lxiiii.

783 2551 830 2612 De
852 2568 962 2628 poena
984 2555 1173 2632 impiorum.

243 2749 295 2816 76.
320 2754 359 2816 Et
384 2769 540 2831 magnum
567 2755 677 2832 ignem
702 2757 783 2835 vidi,
800 2759 899 2835 igneo
920 2766 953 2820 et
979 2759 1128 2822 fervente
1145 2762 1294 2839 plumbo,
1320 2725 1631 2840 sulphurequo'que
1649 2758 1750 2821 inter·

197 2859 301 2919 mixto
332 2865 442 2919 totum
465 2858 698 2936 inundantem,
725 2877 764 2921 ac
787 2878 884 2925 omne
908 2879 1014 2940 genus
1039 2867 1204 2926 vermium
1229 2867 1402 2943 igneorum
1435 2865 1470 2925 in
1494 2879 1530 2924 se
1558 2863 1747 2925 habentem.

197 2961 336 3022 Animae
360 2966 471 3022 autem
497 2978 583 3040 quae
609 2964 641 3023 in
665 2966 863 3042 corporibus
880 2969 953 3028 suis
970 2969 1178 3045 impietatem
1197 2970 1347 3032 imitatae
1365 2974 1454 3044 sunt,
1473 2967 1590 3044 poenis
1607 2967 1683 3028 istis
1700 2963 1749 3025 af-

106 3073 113 3082 ·
196 3064 407 3142 lligebantur,
434 3066 480 3125 ita
504 3065 594 3143 quod
610 3067 653 3128 ob
668 3070 853 3144 nequitiam
869 3071 1019 3147 ejusdem
1039 3073 1232 3150 impietatis,
1253 3072 1409 3134 ardorem
1425 3071 1512 3148 ignis
1529 3069 1630 3146 hujus
1647 3065 1748 3129 habe-

201 3168 296 3244 bant,
322 3176 356 3230 et
371 3168 460 3247 quod
476 3169 520 3230 ob
537 3171 784 3247 importabilem
799 3175 1083 3250 ponderositatem
1099 3178 1207 3252 ipsius
1230 3176 1364 3238 fervens
1380 3176 1554 3254 plumbum
1570 3170 1743 3251 patieban-

197 3276 267 3348 tur,
285 3277 319 3333 et
335 3273 424 3350 qnod
440 3273 483 3334 ob
500 3273 761 3350 indignationem
777 3294 844 3355 qua
860 3283 1013 3342 caeteros
1029 3284 1311 3360 contempserant,
1330 3279 1492 3358 sulphure
1509 3277 1743 3356 puniebantur;

198 3381 232 3436 et
248 3375 337 3453 quod
353 3375 396 3438 ob
413 3376 560 3439 furorem
577 3395 678 3456 quem
693 3374 716 3460 ¹)
744 3381 777 3444 in
792 3382 909 3443 eadem
931 3384 1104 3461 impietate
1120 3385 1345 3462 ostenderant,
1363 3401 1440 3446 cum
1457 3383 1609 3444 homines
1625 3394 1746 3456 cogno-

199 3495 293 3541 scere
306 3481 494 3557 noluerant,
513 3481 652 3544 horrore
668 3486 861 3548 eorumdem
878 3490 1043 3551 vermium
1060 3490 1312 3568 torquebantur.
1326 3489 1367 3550 Et
1383 3503 1443 3567 per
1456 3488 1626 3548 viventem
1642 3482 1745 3560 Spiri-

198 3585 268 3644 tum
284 3583 366 3661 vidi,
384 3591 418 3645 et
439 3585 588 3647 intellexi
605 3588 697 3650 baec.
717 3589 758 3649 Et
774 3591 896 3652 iterum
913 3593 954 3653 de
969 3593 1141 3669 praedicta
1157 3595 1291 3656 vivente
1307 3593 1382 3654 luce
1399 3591 1646 3654 audivivocem
1661 3584 1745 3648 mibi

197 3684 374 3750 dicentem:
392 3687 483 3750 ilaec
499 3705 580 3751 vera
596 3697 684 3753 sunt.

929 3906 1017 3968 LXV.

726 4111 773 4178 Dc
794 4120 1005 4195 poenitentia
1027 4121 1216 4199 impiorum.

240 4311 293 4378 tt.
319 4311 384 4378 Sed
407 4313 560 4380 homines
584 4321 642 4398 qui
666 4338 768 4398 opera
792 4326 977 4401 impictatis
994 4327 1028 4390 in
1045 4345 1082 4390 se
1099 4333 1251 4407 sumunt,
1269 4329 1298 4391 si
1315 4327 1546 4407 suggestiones
1562 4324 1741 4405 spirituum

193 4418 314 4482 borum
338 4426 372 4481 et
395 4422 542 4498 pericula
568 4441 751 4500 poenarum
776 4427 909 4492 illarum
932 4427 958 4512 ⁹)
975 4433 1117 4495 evadere
1135 4434 1334 4511 studuerint,
1350 4433 1487 4512 jejuniis
1503 4434 1538 4494 et
1553 4429 1742 4493 afflictioni-

192 4523 257 4585 bus
281 4541 461 4602 corporum
485 4543 634 4606 suorum,
657 4530 752 4608 juxta
776 4531 809 4593 id
833 4536 921 4611 quod
942 4535 1033 4612 juste
1052 4555 1071 4598 a
1087 4537 1276 4600 rectoribus
1293 4539 1363 4601 suis
1379 4538 1462 4616 ipsis
1477 4537 1738 4607 demonstratur,

193 4625 362 4704 insistant,
382 4629 540 4706 quoniam
556 4632 702 4710 plurima
718 4653 820 4713 opera
838 4639 938 4716 impie
956 4648 1144 4717 gesserunt.

227 4859 248 4928 ¹)
261 4861 387 4932 silwim
398 4878 470 4935 qliae
481 4859 516 4929 Α.
530 4881 614 4938 quum
627 4865 671 4926 W.
695 4899 729 4909 -
740 4869 764 4938 ²)
773 4886 925 4944 poemrum
937 4871 1050 4931 uictum
1062 4873 1103 4930 sic
1116 4873 1162 4932 W.
