3992 6092
880 531 907 575 S.
932 530 1198 580 ultramarinis

1006 750 1073 813 XL.

616 960 781 1036 Antiquae
806 978 941 1038 serpens
965 978 1077 1020 carries
1101 963 1144 1021 nd
1169 982 1201 1021 se
1227 965 1356 1024 trahere
1382 967 1461 1026 uult.

310 1167 363 1229 te.
381 1165 444 1228 Sed
461 1165 550 1243 quod
567 1165 746 1242 quamdam
764 1167 942 1243 imaginem
958 1167 1064 1244 vides,
1088 1173 1124 1228 ut
1142 1173 1343 1244 serpentem,
1363 1172 1396 1230 in
1412 1171 1575 1247 praelatis
1593 1173 1738 1234 tenebris
1757 1192 1811 1235 su-

266 1274 378 1347 pinam
391 1271 570 1348 J'acentem‚
588 1270 650 1331 hoc
666 1269 821 1346 estquod
838 1270 1007 1346 Diabolus,
1025 1273 1083 1331 ille
1099 1273 1256 1349 antiquus
1273 1272 1426 1350 Serpens,
1444 1276 1479 1335 in
1495 1276 1736 1338 tenebrositate
1752 1294 1809 1337 ne-

266 1377 393 1454 quitiae
417 1389 510 1449 suae,
535 1375 721 1450 appetitum
745 1374 939 1449 cupiditatis
964 1391 1045 1435 suae
1070 1375 1186 1436 contra
1211 1378 1369 1438 coelestia
1394 1382 1516 1454 movet,
1542 1395 1617 1440 cum
1640 1380 1805 1441 bominem

265 1495 283 1538 a
300 1479 454 1552 supernis
470 1476 649 1537 desideriis
667 1477 708 1536 ad
725 1483 857 1538 terrena
874 1477 1076 1539 descendere
1093 1479 1282 1554 persuadet.
1298 1481 1400 1557 Cujus
1417 1483 1506 1542 oculi
1519 1487 1556 1543 ut
1572 1483 1659 1558 ignis
1676 1483 1805 1555 ardent,

262 1581 422 1656 quomam
438 1580 577 1640 intentio
592 1579 722 1640 Diaboli
740 1581 774 1640 in
789 1581 864 1656 igne
882 1581 947 1641 odii
966 1582 1117 1642 flammas
1133 1582 1342 1659 deceptionis
1366 1585 1499 1646 emittit.
1516 1586 1556 1646 Et
1580 1586 1674 1661 cujus
1692 1587 1806 1664 lingua

262 1701 301 1744 ex
319 1700 376 1745 ore
392 1685 499 1760 ipsius
523 1687 659 1746 extensa
675 1690 736 1760 est,
756 1687 835 1762 quia
858 1685 1068 1746 mendacium
1085 1703 1105 1746 a
1128 1689 1348 1749 mordacitate
1371 1689 1444 1766 eJus
1463 1690 1618 1753 ferociter
1641 1693 1802 1767 procedit.

260 1789 307 1848 hc
331 1788 428 1863 eujus
452 1787 559 1847 cauda
581 1788 616 1846 in
640 1787 704 1848 fine
728 1788 860 1849 abcissa
884 1794 947 1862 est,
974 1791 1131 1865 quoniam
1155 1807 1238 1866 opus
1263 1809 1361 1853 suum
1390 1794 1573 1856 seeundum
1597 1796 1803 1856 voluntatem

263 1909 359 1954 suam
375 1891 416 1952 ad
433 1891 532 1952 finem
548 1892 730 1966 perducere
747 1909 812 1954 non
833 1895 954 1968 potest.
972 1893 1053 1954 Nam
1072 1896 1142 1970 ipse
1160 1895 1192 1955 in
1217 1898 1327 1957 lacum
1343 1899 1539 1974 perditionis
1563 1915 1677 1960 omnes
1694 1900 1825 1960 adtra·

261 1997 341 2057 here
357 1997 470 2071 vellet,
488 1997 517 2056 si
532 2011 608 2056 eum
626 1996 739 2056 divina
754 1995 913 2071 majestas
929 2013 996 2058 non
1010 1999 1231 2072 praeveniret.
1251 1999 1378 2076 Corpus
1395 2004 1507 2062 autem
1524 2004 1630 2079 ipsius
1645 2003 1734 2079 nigri
1751 2020 1805 2064 oo-

263 2101 344 2161 loris
360 2102 422 2174 est,
441 2100 521 2177 quia
544 2101 613 2159 toto
630 2100 750 2159 annisu
767 2099 969 2160 oblivionem
984 2099 1042 2159 Dei
1060 2100 1250 2162 hominibus
1268 2103 1396 2178 suadet,
1411 2105 1458 2164 ita
1474 2104 1677 2180 quodetiam
1693 2106 1800 2166 lineae

257 2187 402 2280 pallidae
419 2209 452 2264 et
468 2204 626 2263 venenosi
642 2203 764 2263 coloris
780 2218 801 2262 a
816 2204 925 2278 capite
946 2203 1019 2278 eius
1035 2204 1191 2265 deorsum
1211 2206 1244 2265 in
1261 2205 1466 2282 longitudine
1488 2207 1801 2287 descenduntque

258 2309 346 2368 niam
363 2307 438 2367 viae
455 2303 630 2379 sathanae,
649 2304 810 2380 pallorem
829 2305 948 2364 mortis
965 2301 1128 2381 tenentes,
1143 2309 1176 2366 et
1192 2323 1398 2368 venenosam
1415 2307 1670 2368 commotionem
1685 2308 1801 2369 huma-

255 2409 372 2470 nitatis
395 2411 456 2485 per
478 2407 660 2482 ingluviem
676 2409 894 2482 excutientes,
912 2409 950 2468 ut
966 2408 1088 2482 inipso
1105 2409 1139 2468 in
1154 2409 1340 2484 perditione
1358 2410 1563 2485 inceperunt,
1582 2411 1632 2470 sio
1647 2411 1750 2471 etiarn
1767 2413 1798 2471 in

254 2514 511 2590 perversitatem
535 2512 683 2589 eiusdem
708 2511 905 2586 perditionis
927 2513 960 2572 in
977 2514 1049 2589 ipso
1066 2513 1296 2590 prolongatae,
1314 2515 1355 2573 ad
1371 2515 1554 2591 pessimum
1570 2515 1668 2574 linem
1684 2531 1800 2590 perve-

257 2618 364 2692 niunt,
382 2618 461 2694 qnia
477 2622 515 2677 ut
532 2617 662 2678 initium
679 2614 808 2676 Diaboli
826 2618 951 2677 malum
968 2622 1030 2690 est,
1049 2618 1095 2677 ita
1111 2618 1145 2678 et
1161 2617 1236 2677 linis
1252 2617 1325 2692 ejus
1342 2623 1404 2677 est.

983 2819 1065 2883 XLI.

832 3035 882 3094 De
909 3037 1038 3094 ventris
1064 3036 1224 3113 ingluvie.

294 3241 348 3304 50.
374 3238 467 3315 Quod
482 3241 594 3302 autem
614 3243 732 3302 venter
749 3241 855 3317 ipsius
870 3250 1007 3318 apertus
1024 3251 1086 3319 est,
1106 3243 1169 3304 hoc
1185 3249 1238 3304 est
1255 3242 1344 3319 quod
1362 3242 1475 3303 hiatus
1491 3241 1620 3303 Diaboli
1637 3242 1679 3302 ad
1695 3241 1796 3302 devo-

254 3347 418 3407 rationem
432 3345 618 3406 animarum
631 3348 734 3423 patet,
750 3347 784 3406 in
799 3363 865 3423 quo
884 3348 992 3423 imago
1010 3347 1168 3424 hominis,
1187 3347 1330 3408 velutin
1347 3349 1454 3423 cunis,
1473 3345 1593 3424 supina
1607 3347 1723 3423 jacens
1738 3363 1796 3424 ap-

248 3454 355 3525 paret,
381 3462 467 3525 quae
482 3447 610 3509 ventris
635 3448 815 3524 ingluviem
832 3449 996 3525 designat3
1016 3451 1173 3525 quoniam
1190 3450 1350 3511 Diabolus
1367 3452 1585 3511 voracitatem
1603 3449 1792 3511 hominibus

250 3552 394 3626 primum
410 3549 628 3629 persuadens,
646 3552 789 3612 caeteris
805 3553 899 3613 vitiis
915 3569 974 3613 eos
991 3552 1125 3613 facilius
1142 3558 1176 3613 et
1192 3554 1324 3630 plenius
1342 3553 1498 3628 irretitat‚
1517 3554 1597 3630 quia
1612 3551 1696 3612 baec
1713 3569 1794 3630 qua·

247 3655 278 3714 si
293 3656 328 3716 in
343 3655 533 3732 ignorantia
547 3670 608 3731 per
624 3656 809 3733 appetitum
829 3657 1026 3717 voracitatis
1052 3659 1171 3734 supina
1195 3659 1386 3735 quiescens,
1412 3661 1449 3719 ut
1472 3658 1641 3718 hominem
1664 3659 1788 3719 adesi-

246 3758 350 3820 deriis
365 3759 514 3835 paradisi
532 3759 708 3819 abstrahat
722 3759 904 3834 decumbit;
921 3760 1001 3837 quia
1018 3759 1117 3820 homo
1139 3762 1340 3839 serpentinis
1364 3761 1514 3821 moribus
1531 3777 1608 3822 cum
1631 3761 1706 3823 cibo
1723 3764 1790 3839 pri-

245 3881 336 3926 mum
359 3865 517 3927 seductus
541 3871 604 3926 est.
629 3866 718 3936 Quae
743 3880 845 3941 super
867 3870 968 3940 caput
992 3881 1089 3926 suum
1110 3865 1211 3926 habet
1226 3866 1362 3942 pileum,
1381 3867 1417 3928 ut
1433 3867 1564 3942 galeam
1580 3866 1788 3943 aliquantum

244 3968 347 4028 altius
370 3974 528 4044 erectam,
554 3969 634 4046 quia
650 3969 815 4044 ingluvies
840 3969 871 4029 in
897 3970 1065 4030 mentibus
1090 3969 1261 4030 hominum
1285 3971 1455 4048 propriam
1479 3972 1688 4032 voluntatem
1713 3989 1788 4031 eum

244 4089 331 4132 vana
352 4077 521 4149 potestate
545 4089 690 4152 sursum¹
705 4075 848 4133 inaniter
871 4074 982 4150 erigit,
1008 4075 1165 4150 quoniam
1183 4090 1259 4134 oum
1279 4074 1327 4135 illi
1343 4081 1493 4135 ventrem
1517 4091 1616 4134 suum
1633 4074 1789 4151 impleve-

245 4177 323 4252 rint,
348 4178 446 4254 quasi
470 4179 624 4238 omnibus
648 4179 744 4238 bonis
768 4179 947 4255 abundent,
975 4181 1150 4255 superbire
1174 4182 1346 4259 incipiunt.
1371 4182 1411 4241 Et
1435 4181 1530 4242 albos
1555 4181 1696 4259 capillos
1725 4183 1787 4241 snb

242 4279 360 4340 eodem
375 4280 464 4357 pileo
489 4280 530 4340 ad
547 4281 704 4354 humeros
729 4281 968 4342 descendentes
985 4282 1097 4358 habet,
1116 4284 1195 4360 quia
1219 4283 1395 4344 candorem
1415 4285 1658 4360 superfluitatis
1680 4285 1714 4344 in
1730 4301 1787 4362 po-

246 4384 368 4443 testate
386 4382 593 4444 tortitudinis
610 4386 794 4460 ostentans,
813 4400 928 4445 omnes
950 4386 1021 4446 sine
1038 4387 1240 4448 verecundia
1263 4387 1417 4464 despicit,
1436 4402 1497 4446 nec
1522 4388 1581 4446 ulli
1596 4382 1619 4464 ¹)
1645 4387 1785 4448 subesse

244 4487 327 4547 vult.
343 4486 553 4563 Quapropter
568 4493 663 4548 veste
679 4488 782 4548 etiam
798 4505 837 4548 ex
854 4490 945 4549 tenui
962 4495 996 4549 et
1012 4491 1088 4552 albo
1106 4492 1215 4552 serico
1233 4491 1348 4552 induta
1372 4497 1435 4565 est,
1453 4490 1611 4566 quoniam
1634 4491 1785 4566 volupta-

243 4592 268 4651 ti
292 4591 517 4668 pretiosorum
542 4607 581 4652 ao
609 4592 845 4654 deliciosorum
873 4593 1103 4654 conviviorum
1132 4594 1333 4671 implicatur.
1363 4595 1494 4656 Amicta
1520 4610 1654 4670 quoque
1681 4595 1783 4670 pallio

239 4693 329 4770 quod
345 4693 450 4755 colori
470 4693 621 4772 ejusdem
638 4696 805 4771 serpentis
828 4697 1046 4773 assimilatur,
1065 4699 1143 4774 quia
1168 4699 1233 4759 sibi
1250 4698 1473 4774 circumponit
1493 4698 1704 4758 latitudinem
1728 4713 1784 4756 cu·

239 4797 362 4873 pidinis
387 4799 421 4860 in
443 4799 641 4861 diversitate
657 4800 828 4875 vitiorum,
846 4817 932 4878 quae
949 4801 1115 4863 diabolica
1131 4803 1292 4879 iniquitas
1310 4803 1476 4880 producit,
1495 4809 1531 4863 ut
1548 4801 1701 4862 homines
1718 4803 1783 4862 sal·

238 4909 305 4962 tem
321 4919 382 4982 per
398 4906 664 4984 superfluitatem
689 4905 839 4967 ciborum
862 4912 895 4967 et
912 4913 1050 4984 potuum
1076 4907 1225 4982 seducat;
1245 4907 1333 4968 siout
1359 4909 1461 4968 etiam
1479 4907 1565 4968 idern
1587 4908 1705 4967 vitium
1731 4913 1782 4966 est

276 5144 296 5214 ¹)
311 5163 356 5202 nec
370 5147 417 5204 sut
428 5147 460 5203 Α.
