3998 6100
286 491 307 557 2
866 515 892 560 S.
918 508 1198 563 nicososnats

305 626 416 692 XXIII.
442 631 534 704 Quod
550 634 642 693 homo
665 651 708 692 er
725 647 789 710 quo
807 632 917 710 soclus
934 637 996 700 est,
1051 633 1254 693 rectitudine
1279 637 1457 708 continuit;
1481 635 1647 697 bominem
1664 653 1706 694 ne
1723 645 1790 694 om·

261 751 364 813 usque
381 735 424 796 ad
438 737 605 815 desectum
630 755 728 798 suurn
752 737 841 816 loqui
858 739 994 815 poterit:
1050 737 1131 797 nino
1144 741 1287 816 periret,
1306 742 1482 814 sustinuit;
1505 747 1538 800 et
1554 739 1640 818 quod
1660 757 1723 817 per
1739 745 1792 800 in*

257 839 338 916 quid
354 846 466 901 autem
480 847 558 901 ants
575 859 652 902 eum
666 841 718 900 uel
735 840 819 919 quid
828 845 903 918 post
919 857 997 899 eum
1049 843 1277 902 carnationem
1289 861 1384 904 suam
1396 861 1497 923 opera
1508 843 1720 905 tenebrarum
1734 845 1791 922 iu-

257 943 413 1020 futnrum
430 945 483 1020 sit,
500 947 628 1023 ipnoret
642 938 678 1024 ¹).
1047 946 1145 1020 pavit.

300 1046 427 1108 XXIIII.
454 1047 541 1121 Quid
556 1055 633 1109 ante
646 1048 855 1126 principium
874 1045 993 1106 mundi
1091 1048 1272 1113 XXXVIIII.
1307 1051 1398 1125 Quod
1428 1050 1539 1128 anpeli
1569 1050 1698 1127 faciem
1723 1050 1787 1111 Dei

253 1151 373 1225 suerit,
391 1151 479 1211 Deus
495 1152 583 1212 solus
598 1155 711 1213 novit.»
1046 1155 1277 1232 inspicientes,
1291 1155 1335 1215 ad
1346 1155 1550 1215 uoluntatem
1562 1156 1668 1231 ipsius
1678 1169 1789 1231 prom

298 1254 391 1315 XXV.
419 1255 511 1328 Quod
523 1258 703 1316 aeternitas
715 1256 802 1333 ipnis
814 1259 878 1326 cst,
891 1259 923 1314 et
940 1255 993 1314 liic
1042 1259 1096 1334 pti
1114 1264 1204 1322 sunt.

254 1358 343 1418 Dens
359 1365 422 1430 est,
440 1365 472 1419 et
488 1362 575 1438 lanis
591 1374 733 1438 operans
752 1367 812 1421 est.
1090 1361 1152 1423 XL.
1180 1363 1271 1437 Quod
1288 1364 1376 1425 Dens
1393 1381 1493 1440 opera
1516 1368 1706 1422 sanctorum
1729 1377 1788 1420 no·

300 1457 407 1524 XXVI.
437 1463 538 1524 Verba
553 1465 660 1526 Isaiae
674 1467 866 1542 prophetae.
1045 1465 1105 1535 vit,
1122 1483 1183 1526 nec
1199 1483 1238 1525 ea
1253 1465 1407 1527 oblivioni
1423 1459 1577 1544 tradet.⁸)

300 1566 423 1628 XXVII.
451 1568 542 1641 Quod
576 1567 616 1628 ab
649 1573 725 1628 ortu
763 1572 994 1628 creaturarum
1090 1567 1168 1629 XLI.
1195 1569 1287 1642 Quod
1302 1569 1389 1630 beati
1405 1571 1544 1648 spiritus
1568 1570 1605 1628 in
1628 1586 1698 1627 uno
1714 1583 1788 1628 con-

257 1685 362 1748 usque
385 1672 429 1731 ad
454 1673 634 1742 Clnistum,
650 1671 815 1732 miracula
832 1669 994 1748 quaedam
1038 1667 1215 1744 junctione
1231 1675 1466 1734 unanimitatis
1483 1678 1571 1734 sunt.

257 1777 438 1853 manifesta
453 1784 543 1850 sunt,
560 1775 723 1855 quaedam
738 1772 936 1834 obnubilata.
1090 1773 1184 1837 XLII.
1211 1776 1303 1850 Quod
1320 1777 1423 1848 Deus,
1437 1796 1500 1854 per
1515 1773 1652 1850 judicia
1674 1791 1790 1852 super·

300 1879 439 1942 XXVIII.
467 1881 558 1954 Quod
581 1885 674 1940 uetus
692 1881 763 1941 Lea
780 1895 879 1938 sonus
900 1875 994 1938 Verbi
1046 1897 1166 1940 norum
1189 1882 1329 1952 ciuium,
1353 1881 1492 1959 sulpura
1522 1885 1553 1939 et
1579 1881 1730 1938 tonitrua
1750 1878 1788 1938 in

254 1985 289 2040 et
306 1999 372 2042 non
393 1983 530 2044 Verbum
545 1989 628 2045 erut.
1046 1989 1173 2044 terram
1186 1985 1305 2059 mittit;
1323 2003 1361 2046 aa
1374 1985 1464 2063 same
1488 1989 1520 2044 et
1532 1982 1730 2060 pestilentia
1751 1986 1784 2040 et

301 2085 455 2148 xxvnss.
483 2086 521 2149 Ut
538 2104 655 2166 corpus
671 2083 842 2164 apartibus
865 2088 995 2144 susten·
1045 2088 1234 2151 incursibus
1249 2088 1412 2150 bellorum
1427 2088 1508 2166 lepis
1525 2104 1603 2148 suae
1616 2087 1787 2164 praevari-

255 2195 371 2262 tatur‚
399 2193 446 2252 sic
471 2193 575 2251 etiam
597 2209 618 2251 a
641 2191 708 2252 Deo
735 2193 854 2251 cuncta
883 2193 995 2250 creata
1047 2201 1172 2257 catores
1188 2188 1381 2272 exterret.⁴)

253 2302 443 2376 portantur.
1089 2299 1199 2360 XLIII.
1226 2297 1318 2371 Quod
1333 2295 1445 2372 anpsli
1465 2295 1502 2354 in
1526 2292 1675 2354 omnibus
1693 2287 1785 2368 iudi-

297 2402 392 2463 XXX.
411 2402 503 2478 Quod
516 2404 600 2464 sicut
611 2408 704 2461 vetus
719 2400 790 2462 Lea
802 2395 993 2458 obumbrata
1044 2402 1104 2462 ciis
1121 2402 1183 2463 Ilei
1199 2400 1315 2462 laudes
1333 2401 1400 2462 Deo
1416 2401 1544 2461 dicuat.

253 2507 335 2585 fuit,
359 2525 442 2567 nova
465 2512 578 2566 autern
600 2509 714 2582 aperte
730 2502 831 2563 videt:
857 2502 903 2561 sic
919 2501 993 2559 ani·
1091 2505 1212 2566 XLIIII.
1237 2506 1379 2566 Ioannes
1402 2509 1438 2566 in
1455 2493 1654 2584 Apocalypsi
1672 2503 1712 2563 de
1732 2519 1785 2562 eo-
1885 2523 1895 2540 *

251 2629 325 2670 mae
350 2616 539 2671 sanctorum
560 2607 700 2686 plenum
722 2605 883 2685 paudium
909 2619 993 2663 non·
1045 2610 1132 2671 dem.

252 2715 333 2774 dum
348 2713 481 2785 habent,
498 2712 584 2790 quod
600 2709 794 2771 habitaculis
818 2708 886 2767 suis
902 2724 992 2767 reae-
1087 2715 1177 2776 XLV,
1205 2715 1296 2789 Quod
1318 2715 1428 2792 angeli
1452 2715 1534 2775 bona
1557 2731 1659 2792 opera
1681 2715 1786 2776 homi.

239 2819 331 2895 μὴ,
348 2817 391 2877 ad
403 2819 591 2894 Perfectum
606 2814 797 2891 inspicient·
1044 2839 1125 2882 num
1150 2821 1305 2892 laudant,
1330 2827 1362 2881 et
1386 2823 1472 2900 quod
1488 2822 1575 2883 Deus
1599 2819 1638 2880 ab
1658 2821 1783 2898 anqetts

300 2915 408 2982 XXXI.
445 2920 537 2994 Quod
574 2920 698 2979 vocatio
735 2917 811 2975 twvt'
845 2914 989 2993 winili,
1044 2929 1075 2983 et
1091 2924 1130 2985 ab
1146 2921 1364 3006 hominibusi
1383 2927 1517 2986 laudari
1534 2926 1616 2986 vult.

252 3029 401 3106 quamuis
427 3027 581 3087 sudorem
602 3028 640 3086 in
664 3025 781 3086 multis
808 3023 992 3084 tribulatio-
1088 3015 1195 3092 XLVI,
1221 3030 1313 3104 Quod
1335 3031 1452 3090 nultus
1476 3032 1568 3090 hamo
1592 3031 1704 3088 munia
1730 3048 1784 3112 ar-

255 3130 350 3191 nibus
367 3133 503 3200 sentiat,
522 3137 633 3191 tamen
648 3147 716 3190 non
733 3135 874 3190 corruet.
1045 3151 1130 3194 caua
1153 3134 1214 3195 Dei
1238 3136 1321 3196 scire
1343 3141 1465 3211 potest,
1483 3151 1559 3193 cum
1573 3133 1708 3211 quidam
1730 3150 1784 3193 su-

299 3235 424 3296 XXXII.
453 3233 490 3296 Ut
508 3237 543 3294 itt
557 3233 781 3312 superioribus
792 3234 901 3293 mulla
913 3240 990 3294 sunl
1040 3256 1225 3317 pernotum
1252 3240 1432 3316 spirituum
1447 3237 1527 3324 ‘Deo
1554 3238 1782 3297 assistentium

252 3357 337 3417 quae
354 3339 392 3400 ab
408 3342 538 3402 bomine
554 3341 765 3409 nesciuntur,
779 3340 825 3398 sic
841 3339 943 3398 etiam
957 3344 989 3398 et
1042 3361 1105 3420 per
1125 3345 1304 3420 propbetas
1326 3343 1492 3401 nominati
1519 3347 1618 3413 sunt,
1646 3341 1782 3418 quidam

252 3445 288 3504 in
305 3442 518 3522 inferioribus
534 3441 650 3520 abyssi.
1043 3453 1155 3506 aretem
1170 3464 1236 3507 non
1252 3451 1340 3506 sunt.

298 3547 436 3610 XXXIII.
465 3549 551 3622 Quid
571 3555 645 3626 post
668 3549 768 3629 finem
791 3548 854 3628 filii
877 3549 993 3626 perdi·
1090 3550 1209 3611 XLVII.
1235 3549 1365 3613 Paulus
1381 3550 1422 3610 de
1439 3549 1562 3607 eodem.

254 3650 385 3734 tionis⁷)
409 3655 566 3734 futurum
593 3657 649 3727 sit,
677 3655 794 3715 nullus
820 3656 992 3715 bominum
1090 3654 1225 3715 XLVIII.
1253 3655 1357 3728 Quoad,
1383 3669 1458 3714 cum
1478 3653 1626 3712 homines
1647 3649 1782 3710 inbono

256 3760 339 3818 scire
352 3762 486 3837 poterit.
1041 3763 1283 3835 perseverant,
1316 3763 1348 3818 et
1374 3759 1412 3816 in
1440 3757 1614 3816 sanctitate
1641 3755 1756 3814 uiuunt
1769 3795 1780 3827 ,

298 3863 452 3924 XXXIIII.
480 3861 581 3924 Verba
598 3863 788 3940 Sapientiae
805 3860 845 3920 de
865 3862 987 3922 eodem.
1043 3863 1176 3942 diffusio
1191 3862 1349 3922 bonorum
1364 3877 1501 3937 operum
1521 3877 1635 3920 eorum
1652 3876 1705 3920 cor
1721 3862 1781 3920 liu-

296 3966 417 4028 XXXV.
444 3966 536 4040 Quod
552 3967 640 4028 Deus
657 3968 693 4026 in
710 3967 855 4036 homine,
879 3969 937 4042 qui
952 3968 989 4024 in
1043 3984 1183 4025 manum
1199 3965 1340 4027 excedit.

250 4069 378 4130 malurn
394 4080 578 4142 corruerat,
594 4067 735 4146 maiores
758 4073 898 4130 virtutes
915 4088 990 4130 san·
1087 4069 1238 4131 XLVIIII.
1265 4069 1357 4143 Quod
1372 4071 1408 4130 in
1424 4066 1525 4126 beatis
1541 4065 1779 4137 mansionibus,

253 4175 375 4234 clitatis
391 4175 565 4238 dedicavit.
1042 4193 1126 4252 quae
1143 4179 1258 4234 sancta
1273 4191 1373 4250 opera
1389 4172 1449 4233 sibi
1462 4177 1682 4250 paraverunt,
1707 4173 1781 4231 oni-

295 4277 432 4340 XXXVI.
459 4279 551 4353 Quod
581 4279 648 4340 Deo
675 4280 712 4338 in
739 4273 892 4355 operibus
919 4278 987 4336 suis
1041 4293 1115 4336 mae
1132 4283 1320 4338 sanctorum
1338 4281 1425 4336 sunt.

250 4398 346 4440 nemo
362 4385 578 4444 assimilatur.
1087 4381 1120 4442 L.
1148 4380 1240 4455 Quod
1265 4381 1397 4440 animae
1427 4383 1616 4438 sanctorum
1643 4392 1779 4453 corporo

293 4485 444 4548 XXXVII.
471 4487 562 4560 Quod
577 4485 785 4566 dispositioni
798 4483 860 4544 Dei
877 4486 988 4544 omnia
1042 4504 1102 4545 sua
1118 4487 1266 4562 recipere
1283 4484 1485 4544 desiderant.

251 4600 387 4654 strenue
402 4592 568 4653 obediunt.
1085 4589 1135 4650 LI.
1162 4589 1253 4662 Quod
1279 4589 1411 4648 animae
1440 4591 1627 4645 sanctorum
1653 4579 1776 4644 liabita-

295 4699 461 4761 XXXVIII.
497 4699 588 4772 Quod
619 4698 707 4759 Deus
737 4699 850 4758 omnia
879 4697 987 4775 dispo-
1040 4695 1118 4756 cula
1139 4713 1201 4754 sua
1215 4709 1283 4752 non
1305 4691 1467 4767 recipient
1490 4695 1569 4748 ante
1597 4689 1777 4750 concussio-

249 4825 354 4880 nem,
383 4808 521 4886 spiritus
550 4821 771 4882 supernorum
798 4805 920 4863 civitem
948 4803 985 4862 in
1041 4791 1151 4876 new)
1169 4797 1419 4876 elementorum.

282 5070 305 5137 ¹)
324 5073 435 5143 ipnorot
453 5067 486 5123 A.
508 5095 542 5106 —
559 5064 582 5132 ἲ)
598 5063 703 5136 perditi
720 5065 780 5118 ooir
791 5058 827 5123 A.
843 5059 880 5114 W
898 5061 982 5123 male.
1034 5061 1079 5116 lb.
1094 5089 1127 5100 -
1139 5055 1162 5124 ³)
1175 5057 1261 5114 tradit
1272 5055 1306 5111 Α.
1322 5085 1356 5096 -
1369 5053 1391 5120 ⁴)
1403 5061 1484 5111 terret
1496 5051 1529 5112 A.
1544 5083 1576 5094 -
1589 5055 1610 5122 ⁵)
1620 5059 1645 5110 et
1657 5054 1772 5110 bomini·

247 5157 313 5212 lort.
335 5171 428 5211 erroro
447 5149 580 5208 icctIonis
593 5155 621 5204 et
640 5145 873 5221 apographorum.
895 5143 936 5202 ct.
952 5159 980 5203 n.
1034 5145 1083 5200 bus
1095 5143 1129 5200 A.
1145 5173 1178 5184 -
1191 5141 1213 5210 ὓ)
1225 5143 1428 5197 conductionem
1440 5136 1473 5196 A.
