3998 6100
852 615 877 659 S.
910 615 1185 662 ultbaonltbls

941 839 1092 899 Lxxlfll.

841 1047 887 1106 De
913 1048 1027 1124 inepta
1052 1048 1190 1107 taetitia.

288 1255 340 1317 87.
366 1253 514 1333 Septima
537 1269 616 1314 vero
635 1254 744 1329 imago
770 1254 915 1330 ineptam
942 1255 1105 1314 laetitiam
1130 1253 1307 1328 significat,
1325 1269 1412 1330 qnae
1437 1254 1521 1314 iram
1538 1253 1592 1314 hic
1617 1251 1793 1330 subsequi·

240 1371 308 1438 tur,
327 1360 484 1438 quoniam
501 1359 574 1434 ipsa
591 1358 689 1433 quasi
706 1357 790 1417 ultio
806 1364 841 1415 et
857 1356 1070 1432 refrigerium
1088 1357 1157 1416 irae
1174 1362 1236 1430 est3
1256 1357 1334 1432 quia
1351 1372 1427 1416 cum
1445 1355 1556 1429 homo,
1574 1362 1711 1432 peracta
1728 1356 1789 1428 ira,

240 1465 404 1528 laetitiam
421 1447 579 1535 ostendit,
598 1461 752 1520 inimicos
771 1477 850 1520 suos
868 1462 1074 1535 inhonestat,
1091 1461 1148 1520 ubi
1171 1477 1248 1519 eum
1265 1462 1314 1521 illi
1331 1461 1450 1520 laetari
1475 1461 1638 1535 videntes,
1657 1461 1698 1521 de
1714 1475 1791 1520 con·

241 1569 380 1630 tumelia
400 1567 465 1626 sibi
483 1566 576 1626 illata
593 1566 731 1640 gravius
755 1564 878 1624 dolent.
897 1565 986 1636 Quae
1005 1583 1023 1624 a
1040 1582 1176 1624 sursum
1194 1565 1357 1640 usquead
1384 1565 1516 1625 lumbos
1531 1560 1554 1644 ¹)
1574 1565 1716 1625 formam
1732 1563 1791 1623 ho-

241 1673 341 1732 minis
358 1669 470 1743 habet,
488 1675 626 1744 excepto
643 1667 731 1744 quod
748 1685 866 1728 manus
883 1669 956 1744 eius
973 1674 1009 1729 ut
1026 1685 1144 1728 manus
1169 1669 1287 1728 simiae
1303 1674 1392 1742 sunt;
1411 1669 1490 1746 quia
1515 1669 1667 1729 homines
1685 1669 1791 1728 scien-

241 1778 323 1837 tiam
339 1774 428 1848 boni‚
447 1789 548 1850 quam
565 1772 604 1832 ad
623 1789 768 1849 superna
785 1775 932 1849 suspiria
949 1779 1144 1835 convertere
1160 1773 1330 1848 deberent,
1349 1773 1390 1833 ad
1408 1774 1556 1834 carnalia
1573 1773 1741 1834 desideria
1758 1773 1792 1832 in

241 1875 520 1952 multiplicatione
543 1874 755 1934 diversarum
771 1876 958 1936 vanitatum
981 1875 1160 1952 deducunt;
1178 1881 1212 1934 et
1235 1876 1286 1935 sic
1302 1876 1436 1935 modum
1461 1882 1596 1936 sanctae
1617 1891 1793 1936 conversa·

240 1981 342 2043 tionis
359 1986 393 2040 et
409 1979 660 2039 constrictionis
677 1979 851 2054 excedunt,
870 1979 955 2039 unde
972 1980 1074 2040 etiam
1090 1981 1202 2040 omnia
1219 1995 1321 2057 opera
1338 1997 1399 2040 sua
1416 1995 1476 2056 per
1494 1979 1720 2056 insipientiam
1736 1979 1792 2038 de-

239 2089 393 2162 pravant,
411 2085 570 2159 quoniam
593 2099 679 2158 quae
695 2083 822 2144 bomini
837 2101 903 2144 non
926 2085 1138 2160 conveniunt,
1158 2086 1192 2144 in
1214 2085 1421 2160 turpitudine
1438 2083 1573 2160 saepius
1598 2085 1788 2146 bestialiter

241 2186 428 2263 perficiunt.
447 2186 474 2245 Α
491 2185 614 2246 lumbis
639 2191 751 2246 autem
766 2192 800 2247 et
823 2186 981 2248 deorsum
1005 2203 1145 2263 capreae
1169 2188 1390 2262 assimilatur,
1412 2189 1492 2264 quia
1515 2187 1708 2263 huiusmodi
1732 2189 1791 2250 bo-

242 2291 360 2364 mines‚
379 2288 468 2365 quod
484 2289 636 2349 bomincs
653 2297 731 2349 sunt
755 2290 861 2365 obliti,
880 2292 1085 2352 intellectum
1111 2291 1350 2352 rationalitatis
1367 2292 1408 2352 ad
1432 2293 1593 2354 bestiales
1610 2309 1721 2354 mores
1737 2294 1792 2355 de-

240 2397 400 2473 primunt,
423 2401 457 2454 et
472 2410 512 2455 ea
528 2411 614 2472 qnae
631 2396 843 2456 rationabilia
860 2403 948 2473 sunt,
968 2398 1000 2456 in
1024 2397 1281 2458 instabilitatem
1301 2399 1505 2473 transiliunt,
1523 2413 1584 2458 nec
1606 2399 1791 2460 discretum

240 2502 457 2575 intellectum,
474 2516 535 2560 nec
552 2500 708 2576 pudicam
724 2499 936 2576 disciplinam
954 2502 986 2560 in
1003 2501 1229 2562 rationalitate
1246 2502 1369 2562 babere
1385 2509 1562 2580 quaerunt.
1580 2503 1670 2564 Unde
1686 2509 1721 2562 et
1736 2518 1792 2579 pe-

238 2607 298 2666 des
314 2606 388 2682 ejus
412 2605 595 2681 praedictis
612 2604 760 2664 tenebris
785 2605 832 2664 ita
849 2605 939 2664 infixi
957 2611 1045 2680 sunt,
1071 2605 1160 2682 quod
1177 2607 1219 2666 ad
1236 2606 1422 2682 perfectum
1438 2623 1498 2668 eos
1521 2607 1635 2667 videre
1652 2623 1719 2668 non
1734 2623 1792 2684 po-

238 2717 302 2786 tes,
320 2708 479 2787 quoniam
502 2709 613 2768 omnia
636 2708 757 2768 itinera
781 2708 866 2784 ejus,
884 2709 1038 2768 diversae
1061 2710 1203 2770 vanitati
1229 2711 1404 2787 implicati,
1421 2709 1446 2789 ²)
1472 2711 1514 2771 ad
1535 2711 1705 2787 justitiam
1726 2726 1792 2790 nop

238 2820 405 2892 spectant;
424 2813 515 2889 quia,
532 2811 612 2871 dum
628 2813 743 2888 pravis
759 2813 917 2889 operibus
934 2813 1207 2890 obtenebrantur,
1225 2814 1392 2876 honestati
1418 2815 1565 2875 bdelium
1581 2832 1646 2876 nou
1663 2798 1790 2891 patant,

240 2919 300 2978 sed
316 2918 451 2980 omnino
469 2916 645 2977 abolitain
660 2917 751 2977 nulla
768 2919 930 2978 memoria
947 2919 1137 2979 sanctitatis
1156 2919 1376 2980 invenientur.
1391 2920 1483 2992 Quod
1501 2927 1613 2981 autem
1630 2921 1705 2997 ipsa
1720 2922 1793 2982 nul-

237 3026 270 3084 la
287 3023 479 3083 indumenta
496 3021 606 3096 babet,
626 3021 685 3081 sed
705 3021 793 3098 quod
812 3028 880 3082 tota
897 3023 984 3084 nuda
1005 3030 1155 3100 apparet,
1174 3023 1237 3084 hoc
1253 3031 1317 3100 est,
1335 3025 1423 3101 quod
1440 3025 1531 3085 nullo
1548 3025 1693 3101 spiritali
1710 3041 1791 3101 gau-

235 3127 292 3188 dio
317 3123 536 3200 circumdata,
555 3139 668 3184 coram
691 3125 758 3184 Deo
775 3124 864 3184 nuda
887 3133 951 3200 est,
977 3127 1136 3201 quoniam
1151 3126 1192 3186 ad
1217 3126 1474 3188 instabilitatem
1499 3127 1616 3200 tendit,
1636 3141 1697 3186 nec
1721 3127 1791 3186 ulla

239 3231 388 3309 suspiria
405 3231 439 3290 in
455 3229 659 3290 coelestibus
675 3230 819 3306 quaerit,
838 3229 897 3288 sed
927 3235 997 3290 tota
1024 3232 1167 3290 terrenis
1190 3237 1224 3290 et
1248 3231 1385 3290 caducis
1409 3230 1553 3306 inhians,
1577 3231 1618 3290 de
1643 3231 1790 3291 aeternis

234 3335 318 3395 nihil
335 3339 441 3410 curat,
460 3334 548 3394 sicut
564 3333 666 3393 etiam
683 3333 838 3408 superius
855 3334 889 3393 in
905 3334 1018 3394 verbis
1036 3335 1108 3393 suis
1124 3333 1341 3394 demonstrat.
1360 3333 1420 3395 Sed
1446 3335 1591 3410 gemitus
1608 3333 1650 3394 ad
1665 3332 1785 3408 Deum,

238 3447 275 3500 ut
291 3439 501 3517 praedictum
524 3444 588 3515 est,
608 3438 673 3515 ipsi
690 3437 879 3514 respondet;
898 3445 931 3498 et
956 3443 993 3497 nt
1009 3438 1160 3499 homines
1184 3437 1225 3498 de
1242 3437 1483 3514 temporalibus
1500 3437 1541 3498 ad
1566 3443 1701 3498 aeterna
1718 3441 1788 3496 ten-

236 3547 329 3623 dant,
350 3545 515 3607 admonet.

958 3754 1074 3816 LXXV.

891 3963 939 4026 De
964 3964 1033 4024 zelo
1057 3964 1127 4025 Dei.

281 4173 335 4235 88.
354 4171 445 4246 Quod
463 4177 575 4234 autem
592 4173 687 4234 vides
702 4171 790 4250 quod
807 4173 980 4249 praelatus
996 4174 1048 4233 vir
1064 4172 1276 4248 evaginatum
1293 4171 1452 4249 gladium,
1470 4176 1541 4232 tres
1557 4168 1648 4232 acies
1665 4167 1789 4230 haben-

231 4284 314 4357 tem,
338 4279 425 4340 collo
451 4280 557 4356 ipsius
582 4279 701 4354 capulo
727 4279 921 4353 impositum
946 4277 1057 4351 habet,
1084 4277 1147 4336 boc
1163 4284 1227 4352 est,
1253 4277 1340 4354 quod
1361 4277 1450 4336 Deus
1475 4273 1651 4336 manifeste
1675 4275 1785 4333 zelum

235 4397 334 4443 suum
350 4383 459 4442 tribus
476 4383 541 4440 viis
566 4381 785 4455 incedentem,
804 4397 843 4440 ac
868 4381 901 4440 in
918 4379 1112 4442 tortitudine
1129 4397 1190 4441 sua
1216 4380 1362 4441 radicem
1378 4380 1454 4440 fidei
1479 4384 1657 4456 ponentem
1673 4383 1786 4438 osten-

232 4485 293 4560 dit,
312 4485 469 4561 quoniam
495 4485 621 4561 apertis
639 4485 913 4560 percussionibus
938 4484 1050 4544 divina
1068 4485 1149 4544 ultio
1175 4490 1252 4545 ante
1268 4484 1389 4560 Legem
1405 4490 1439 4544 et
1456 4484 1519 4544 sub
1543 4483 1629 4558 Lege
1645 4489 1785 4560 peccata

235 4589 407 4650 hominum
427 4589 640 4665 compressit;
659 4589 746 4666 quod
763 4588 865 4648 etiam
881 4594 915 4648 et
931 4603 1018 4649 nunc
1033 4595 1110 4666 post
1135 4589 1256 4664 Legem
1273 4589 1306 4648 in
1322 4588 1472 4648 novitate
1495 4586 1655 4664 baptismi
1674 4585 1785 4646 lacere

236 4709 301 4753 non
323 4693 461 4768 omittit;
487 4707 563 4752 cum
587 4691 774 4752 salutiferis
798 4691 981 4754 virtutibus
997 4692 1095 4752 fidem
1121 4693 1304 4768 imponens,
1322 4697 1461 4768 peccata
1485 4689 1656 4750 hominum
1682 4690 1714 4748 in
1730 4705 1786 4750 eo·

232 4801 309 4859 dem
326 4800 397 4860 zelo
415 4815 476 4859 suo
493 4798 609 4858 abluit.
627 4798 689 4870 Qui
706 4797 769 4858 hac
784 4803 818 4858 et
834 4798 913 4858 illac
929 4797 969 4858 ad
988 4797 1173 4858 feriendum
1188 4802 1353 4871 movetur,
1367 4795 1446 4872 quia
1463 4795 1554 4854 zelus
1567 4793 1697 4854 Domini
1714 4799 1785 4854 tam

231 4904 359 4962 electos
376 4919 477 4980 quam
493 4903 655 4980 reprobus
676 4903 768 4980 justa
784 4903 983 4980 purgatione
999 4903 1123 4980 ubique
1146 4903 1323 4962 examinat.
1340 4901 1423 4962 Nam
1447 4907 1484 4960 ut
1501 4899 1587 4960 idem
1613 4899 1704 4960 zelus
1720 4898 1784 4960 Do-

185 5061 192 5076 ,
233 5006 316 5065 mini
340 5004 432 5080 dicit,
459 5005 532 5080 ipse
555 5012 672 5066 contra
694 5005 870 5066 Diabolum
893 5011 927 5066 et
950 5009 1067 5066 contra
1091 5019 1207 5066 omnes
1232 5004 1385 5064 subditos
1410 5003 1482 5078 eius
1507 5007 1644 5078 pugnat;
1667 5016 1727 5062 nec
1751 5000 1783 5059 ei

230 5111 438 5186 praevalebit
462 5109 597 5186 aliquis,
614 5112 774 5187 ¹quoniam
797 5127 838 5171 ex·
854 5111 1086 5188 conjunctione
1110 5109 1252 5170 masculi
1269 5115 1302 5168 et
1329 5107 1470 5168 laminae
1495 5121 1560 5169 non
1582 5112 1646 5182 est,
1664 5104 1721 5166 sed
1748 5105 1782 5163 in

268 5265 290 5333 ί)
304 5282 389 5338 usque
401 5263 503 5320 tantos
515 5265 549 5322 Α.
567 5297 597 5304 -
611 5267 633 5333 ²)
648 5265 788 5337 implicatu
800 5261 834 5320 A.
