<?xml version="1.0" encoding="UTF-8"?>
<!DOCTYPE html PUBLIC "-//W3C//DTD XHTML 1.0 Transitional//EN"
    "http://www.w3.org/TR/xhtml1/DTD/xhtml1-transitional.dtd">
<html xmlns="http://www.w3.org/1999/xhtml" xml:lang="en" lang="en">
 <head>
  <title>
</title>
<meta http-equiv="Content-Type" content="text/html;charset=utf-8" />
  <meta name='ocr-system' content='tesseract 3.04.00' />
  <meta name='ocr-capabilities' content='ocr_page ocr_carea ocr_par ocr_line ocrx_word'/>
</head>
<body>
  <div class='ocr_page' id='page_1' title='image "analectasacrasp04pitrgoog_0023.png"; bbox 0 0 3998 6100; ppageno 0'>
   <div class='ocr_carea' id='block_1_1' title="bbox 294 518 1148 576">
    <p class='ocr_par' dir='ltr' id='par_1_1' title="bbox 294 518 1148 576">
     <span class='ocr_line' id='line_1_1' title="bbox 294 518 1148 576; baseline -0.002 -1"><span class='ocrx_word' id='word_1_1' title='bbox 294 518 330 564; x_wconf 67' lang='lat' dir='ltr'>Vl</span> <span class='ocrx_word' id='word_1_2' title='bbox 898 525 1148 576; x_wconf 67' lang='lat' dir='ltr'>PROOEMIUH</span> 
     </span>
    </p>
   </div>
   <div class='ocr_carea' id='block_1_2' title="bbox 243 651 1805 4098">
    <p class='ocr_par' dir='ltr' id='par_1_2' title="bbox 243 651 1795 1659">
     <span class='ocr_line' id='line_1_2' title="bbox 243 651 1794 758; baseline 0.008 -36"><span class='ocrx_word' id='word_1_3' title='bbox 243 671 475 748; x_wconf 87' lang='lat' dir='ltr'>supernorum</span> <span class='ocrx_word' id='word_1_4' title='bbox 492 651 743 726; x_wconf 80' lang='lat' dir='ltr'><strong>charismatum</strong></span> <span class='ocrx_word' id='word_1_5' title='bbox 761 654 851 728; x_wconf 90' lang='lat' dir='ltr'>dono</span> <span class='ocrx_word' id='word_1_6' title='bbox 866 657 987 749; x_wconf 89' lang='lat' dir='ltr'>crevit,</span> <span class='ocrx_word' id='word_1_7' title='bbox 1002 665 1041 731; x_wconf 94' lang='lat' dir='ltr'>ut</span> <span class='ocrx_word' id='word_1_8' title='bbox 1059 658 1172 731; x_wconf 91' lang='lat' dir='ltr'>tribus</span> <span class='ocrx_word' id='word_1_9' title='bbox 1188 665 1326 731; x_wconf 87' lang='lat' dir='ltr'>tantum</span> <span class='ocrx_word' id='word_1_10' title='bbox 1344 659 1447 733; x_wconf 90' lang='lat' dir='ltr'>annis</span> <span class='ocrx_word' id='word_1_11' title='bbox 1463 667 1570 734; x_wconf 89' lang='lat' dir='ltr'>natae</span> <span class='ocrx_word' id='word_1_12' title='bbox 1578 660 1652 758; x_wconf 90' lang='lat' dir='ltr'>jam</span> <span class='ocrx_word' id='word_1_13' title='bbox 1670 660 1794 735; x_wconf 90' lang='lat' dir='ltr'>illuxe-</span> 
     </span>
     <span class='ocr_line' id='line_1_3' title="bbox 243 781 1795 884; baseline 0.006 -29"><span class='ocrx_word' id='word_1_14' title='bbox 243 783 292 856; x_wconf 86' lang='lat' dir='ltr'>rit</span> <span class='ocrx_word' id='word_1_15' title='bbox 309 781 423 880; x_wconf 87' lang='lat' dir='ltr'>prima</span> <span class='ocrx_word' id='word_1_16' title='bbox 440 783 537 856; x_wconf 82' lang='lat' dir='ltr'>velut</span> <span class='ocrx_word' id='word_1_17' title='bbox 555 807 683 857; x_wconf 86' lang='lat' dir='ltr'>aurora</span> <span class='ocrx_word' id='word_1_18' title='bbox 700 793 891 882; x_wconf 82' lang='lat' dir='ltr'>perpetuae</span> <span class='ocrx_word' id='word_1_19' title='bbox 914 787 1066 876; x_wconf 80' lang='lat' dir='ltr'>visionis,</span> <span class='ocrx_word' id='word_1_20' title='bbox 1093 811 1184 884; x_wconf 90' lang='lat' dir='ltr'>quae</span> <span class='ocrx_word' id='word_1_21' title='bbox 1201 811 1262 884; x_wconf 89' lang='lat' dir='ltr'>per</span> <span class='ocrx_word' id='word_1_22' title='bbox 1279 795 1390 861; x_wconf 92' lang='lat' dir='ltr'>totam</span> <span class='ocrx_word' id='word_1_23' title='bbox 1409 789 1528 882; x_wconf 88' lang='lat' dir='ltr'>vitam,</span> <span class='ocrx_word' id='word_1_24' title='bbox 1556 801 1595 865; x_wconf 91' lang='lat' dir='ltr'>ut</span> <span class='ocrx_word' id='word_1_25' title='bbox 1612 793 1732 865; x_wconf 91' lang='lat' dir='ltr'>lumen</span> <span class='ocrx_word' id='word_1_26' title='bbox 1759 793 1795 865; x_wconf 92' lang='lat' dir='ltr'>ln</span> 
     </span>
     <span class='ocr_line' id='line_1_4' title="bbox 243 910 1795 1016; baseline 0.004 -33"><span class='ocrx_word' id='word_1_27' title='bbox 243 910 388 1004; x_wconf 89' lang='lat' dir='ltr'>lumine,</span> <span class='ocrx_word' id='word_1_28' title='bbox 407 910 460 984; x_wconf 96' lang='lat' dir='ltr'>illi</span> <span class='ocrx_word' id='word_1_29' title='bbox 473 923 613 984; x_wconf 89' lang='lat' dir='ltr'>ostensa</span> <span class='ocrx_word' id='word_1_30' title='bbox 625 921 688 1002; x_wconf 86' lang='lat' dir='ltr'>est,</span> <span class='ocrx_word' id='word_1_31' title='bbox 703 913 796 1008; x_wconf 90' lang='lat' dir='ltr'>quod</span> <span class='ocrx_word' id='word_1_32' title='bbox 809 915 933 1010; x_wconf 90' lang='lat' dir='ltr'>quinto</span> <span class='ocrx_word' id='word_1_33' title='bbox 947 915 1074 988; x_wconf 88' lang='lat' dir='ltr'>aetatis</span> <span class='ocrx_word' id='word_1_34' title='bbox 1088 939 1182 988; x_wconf 89' lang='lat' dir='ltr'>anno</span> <span class='ocrx_word' id='word_1_35' title='bbox 1195 916 1310 1012; x_wconf 91' lang='lat' dir='ltr'>coepit</span> <span class='ocrx_word' id='word_1_36' title='bbox 1323 917 1436 1014; x_wconf 88' lang='lat' dir='ltr'>magis</span> <span class='ocrx_word' id='word_1_37' title='bbox 1454 919 1636 1016; x_wconf 89' lang='lat' dir='ltr'>perspicue</span> <span class='ocrx_word' id='word_1_38' title='bbox 1653 919 1795 993; x_wconf 88' lang='lat' dir='ltr'>intueri.</span> 
     </span>
     <span class='ocr_line' id='line_1_5' title="bbox 249 1036 1795 1135; baseline 0.006 -26"><span class='ocrx_word' id='word_1_39' title='bbox 249 1069 263 1102; x_wconf 75' lang='grc' dir='ltr'><strong>α</strong></span> <span class='ocrx_word' id='word_1_40' title='bbox 287 1036 424 1110; x_wconf 89' lang='lat' dir='ltr'>Lumen</span> <span class='ocrx_word' id='word_1_41' title='bbox 438 1044 524 1130; x_wconf 90' lang='lat' dir='ltr'>erat,</span> <span class='ocrx_word' id='word_1_42' title='bbox 542 1037 603 1128; x_wconf 89' lang='lat' dir='ltr'>ait,</span> <span class='ocrx_word' id='word_1_43' title='bbox 623 1038 696 1110; x_wconf 83' lang='lat' dir='ltr'>sive</span> <span class='ocrx_word' id='word_1_44' title='bbox 713 1041 850 1112; x_wconf 82' lang='lat' dir='ltr'>luminis</span> <span class='ocrx_word' id='word_1_45' title='bbox 865 1042 1003 1113; x_wconf 72' lang='lat' dir='ltr'>moestis</span> <span class='ocrx_word' id='word_1_46' title='bbox 1018 1042 1147 1135; x_wconf 74' lang='lat' dir='ltr'>crabro,</span> <span class='ocrx_word' id='word_1_47' title='bbox 1166 1040 1263 1114; x_wconf 84' lang='lat' dir='ltr'>velut</span> <span class='ocrx_word' id='word_1_48' title='bbox 1277 1041 1476 1116; x_wconf 87' lang='lat' dir='ltr'>caeruleum</span> <span class='ocrx_word' id='word_1_49' title='bbox 1491 1045 1625 1118; x_wconf 91' lang='lat' dir='ltr'>coelum</span> <span class='ocrx_word' id='word_1_50' title='bbox 1644 1075 1659 1110; x_wconf 76' lang='grc' dir='ltr'>ι</span> <span class='ocrx_word' id='word_1_51' title='bbox 1677 1069 1795 1118; x_wconf 89' lang='lat' dir='ltr'>coram</span> 
     </span>
     <span class='ocr_line' id='line_1_6' title="bbox 245 1166 1790 1265; baseline 0.003 -24"><span class='ocrx_word' id='word_1_52' title='bbox 245 1166 357 1241; x_wconf 85' lang='lat' dir='ltr'>oculis</span> <span class='ocrx_word' id='word_1_53' title='bbox 373 1191 579 1265; x_wconf 86' lang='lat' dir='ltr'>expansum,</span> <span class='ocrx_word' id='word_1_54' title='bbox 598 1168 635 1240; x_wconf 91' lang='lat' dir='ltr'>in</span> <span class='ocrx_word' id='word_1_55' title='bbox 651 1192 721 1264; x_wconf 92' lang='lat' dir='ltr'>quo</span> <span class='ocrx_word' id='word_1_56' title='bbox 737 1169 834 1242; x_wconf 90' lang='lat' dir='ltr'>aliud</span> <span class='ocrx_word' id='word_1_57' title='bbox 848 1177 883 1242; x_wconf 90' lang='lat' dir='ltr'>et</span> <span class='ocrx_word' id='word_1_58' title='bbox 898 1168 1115 1265; x_wconf 77' lang='lat' dir='ltr'>splendidius</span> <span class='ocrx_word' id='word_1_59' title='bbox 1132 1171 1242 1244; x_wconf 83' lang='lat' dir='ltr'>lumen</span> <span class='ocrx_word' id='word_1_60' title='bbox 1262 1175 1356 1244; x_wconf 81' lang='lat' dir='ltr'>uiuae</span> <span class='ocrx_word' id='word_1_61' title='bbox 1380 1173 1464 1246; x_wconf 84' lang='lat' dir='ltr'>lucio</span> <span class='ocrx_word' id='word_1_62' title='bbox 1488 1173 1590 1246; x_wconf 83' lang='lat' dir='ltr'>varia</span> <span class='ocrx_word' id='word_1_63' title='bbox 1615 1173 1790 1248; x_wconf 84' lang='lat' dir='ltr'>visionum</span> 
     </span>
     <span class='ocr_line' id='line_1_7' title="bbox 243 1293 1794 1395; baseline 0.003 -28"><span class='ocrx_word' id='word_1_64' title='bbox 243 1293 447 1392; x_wconf 89' lang='lat' dir='ltr'>spectacula</span> <span class='ocrx_word' id='word_1_65' title='bbox 462 1293 611 1391; x_wconf 83' lang='lat' dir='ltr'>mystico</span> <span class='ocrx_word' id='word_1_66' title='bbox 629 1295 793 1392; x_wconf 90' lang='lat' dir='ltr'>penicillo</span> <span class='ocrx_word' id='word_1_67' title='bbox 810 1294 989 1392; x_wconf 78' lang='lat' dir='ltr'>pingebat.</span> <span class='ocrx_word' id='word_1_68' title='bbox 1011 1295 1185 1369; x_wconf 81' lang='lat' dir='ltr'>Constans</span> <span class='ocrx_word' id='word_1_69' title='bbox 1211 1303 1263 1370; x_wconf 91' lang='lat' dir='ltr'>est</span> <span class='ocrx_word' id='word_1_70' title='bbox 1288 1296 1516 1394; x_wconf 90' lang='lat' dir='ltr'>Hildegardis</span> <span class='ocrx_word' id='word_1_71' title='bbox 1542 1322 1652 1395; x_wconf 90' lang='lat' dir='ltr'>usque</span> <span class='ocrx_word' id='word_1_72' title='bbox 1677 1298 1714 1370; x_wconf 94' lang='lat' dir='ltr'>in</span> <span class='ocrx_word' id='word_1_73' title='bbox 1740 1323 1794 1372; x_wconf 87' lang='lat' dir='ltr'>se·</span> 
     </span>
     <span class='ocr_line' id='line_1_8' title="bbox 245 1425 1793 1527; baseline -0.001 -25"><span class='ocrx_word' id='word_1_74' title='bbox 245 1427 306 1502; x_wconf 89' lang='lat' dir='ltr'>uio</span> <span class='ocrx_word' id='word_1_75' title='bbox 333 1425 571 1500; x_wconf 89' lang='lat' dir='ltr'>testimonium</span> <span class='ocrx_word' id='word_1_76' title='bbox 597 1427 640 1500; x_wconf 88' lang='lat' dir='ltr'>de</span> <span class='ocrx_word' id='word_1_77' title='bbox 664 1427 731 1500; x_wconf 89' lang='lat' dir='ltr'>hoc</span> <span class='ocrx_word' id='word_1_78' title='bbox 756 1426 928 1522; x_wconf 84' lang='lat' dir='ltr'>singulari</span> <span class='ocrx_word' id='word_1_79' title='bbox 955 1433 989 1499; x_wconf 91' lang='lat' dir='ltr'>et</span> <span class='ocrx_word' id='word_1_80' title='bbox 1015 1427 1117 1523; x_wconf 88' lang='lat' dir='ltr'>quasi</span> <span class='ocrx_word' id='word_1_81' title='bbox 1142 1427 1247 1500; x_wconf 88' lang='lat' dir='ltr'>unico</span> <span class='ocrx_word' id='word_1_82' title='bbox 1265 1427 1451 1525; x_wconf 87' lang='lat' dir='ltr'>privilegio</span> <span class='ocrx_word' id='word_1_83' title='bbox 1477 1429 1632 1519; x_wconf 81' lang='lat' dir='ltr'>visionis,</span> <span class='ocrx_word' id='word_1_84' title='bbox 1660 1429 1793 1527; x_wconf 82' lang='lat' dir='ltr'>duplici</span> 
     </span>
     <span class='ocr_line' id='line_1_9' title="bbox 251 1557 1105 1659; baseline -0.007 -22"><span class='ocrx_word' id='word_1_85' title='bbox 251 1561 355 1637; x_wconf 92' lang='lat' dir='ltr'>modo</span> <span class='ocrx_word' id='word_1_86' title='bbox 370 1585 434 1659; x_wconf 90' lang='lat' dir='ltr'>per</span> <span class='ocrx_word' id='word_1_87' title='bbox 450 1569 559 1636; x_wconf 91' lang='lat' dir='ltr'>totam</span> <span class='ocrx_word' id='word_1_88' title='bbox 577 1559 687 1633; x_wconf 82' lang='lat' dir='ltr'>vitam</span> <span class='ocrx_word' id='word_1_89' title='bbox 705 1558 920 1633; x_wconf 83' lang='lat' dir='ltr'>coruscantis</span> <span class='ocrx_word' id='word_1_90' title='bbox 936 1557 986 1655; x_wconf 88' lang='lat' dir='ltr'>(p.</span> <span class='ocrx_word' id='word_1_91' title='bbox 1006 1561 1105 1657; x_wconf 81' lang='lat'>412).</span> 
     </span>
    </p>

    <p class='ocr_par' dir='ltr' id='par_1_3' title="bbox 245 1687 1798 2148">
     <span class='ocr_line' id='line_1_10' title="bbox 300 1687 1795 1787; baseline 0.001 -29"><span class='ocrx_word' id='word_1_92' title='bbox 300 1690 422 1765; x_wconf 75' lang='lat' dir='ltr'>«Erat</span> <span class='ocrx_word' id='word_1_93' title='bbox 448 1714 510 1787; x_wconf 84' lang='lat' dir='ltr'>per</span> <span class='ocrx_word' id='word_1_94' title='bbox 534 1688 571 1761; x_wconf 92' lang='lat' dir='ltr'>id</span> <span class='ocrx_word' id='word_1_95' title='bbox 587 1688 755 1785; x_wconf 87' lang='lat' dir='ltr'>temporis</span> <span class='ocrx_word' id='word_1_96' title='bbox 780 1687 926 1761; x_wconf 82' lang='lat' dir='ltr'>Comitis</span> <span class='ocrx_word' id='word_1_97' title='bbox 951 1687 995 1760; x_wconf 93' lang='lat' dir='ltr'>de</span> <span class='ocrx_word' id='word_1_98' title='bbox 1018 1687 1212 1785; x_wconf 87' lang='lat' dir='ltr'>Spanheim</span> <span class='ocrx_word' id='word_1_99' title='bbox 1242 1687 1326 1784; x_wconf 85' lang='lat' dir='ltr'>filia,</span> <span class='ocrx_word' id='word_1_100' title='bbox 1344 1688 1448 1761; x_wconf 86' lang='lat' dir='ltr'>Jutta</span> <span class='ocrx_word' id='word_1_101' title='bbox 1474 1687 1559 1784; x_wconf 84' lang='lat' dir='ltr'>(sice</span> <span class='ocrx_word' id='word_1_102' title='bbox 1573 1687 1706 1782; x_wconf 77' lang='lat' dir='ltr'>Juditt)</span> <span class='ocrx_word' id='word_1_103' title='bbox 1734 1712 1795 1760; x_wconf 91' lang='lat' dir='ltr'>no-</span> 
     </span>
     <span class='ocr_line' id='line_1_11' title="bbox 245 1813 1790 1913; baseline -0.003 -23"><span class='ocrx_word' id='word_1_104' title='bbox 245 1817 349 1906; x_wconf 87' lang='lat' dir='ltr'>mine,</span> <span class='ocrx_word' id='word_1_105' title='bbox 372 1816 514 1913; x_wconf 88' lang='lat' dir='ltr'>juvenis</span> <span class='ocrx_word' id='word_1_106' title='bbox 539 1823 655 1889; x_wconf 89' lang='lat' dir='ltr'>aetate</span> <span class='ocrx_word' id='word_1_107' title='bbox 681 1815 729 1911; x_wconf 93' lang='lat' dir='ltr'>(p.</span> <span class='ocrx_word' id='word_1_108' title='bbox 758 1817 857 1912; x_wconf 79' lang='lat'>408),</span> <span class='ocrx_word' id='word_1_109' title='bbox 882 1845 897 1882; x_wconf 74' lang='grc' dir='ltr'>ι</span> <span class='ocrx_word' id='word_1_110' title='bbox 925 1838 1016 1911; x_wconf 90' lang='lat' dir='ltr'>quae</span> <span class='ocrx_word' id='word_1_111' title='bbox 1041 1815 1167 1912; x_wconf 89' lang='lat' dir='ltr'>spiritu</span> <span class='ocrx_word' id='word_1_112' title='bbox 1193 1814 1300 1888; x_wconf 92' lang='lat' dir='ltr'>ducta</span> <span class='ocrx_word' id='word_1_113' title='bbox 1322 1814 1360 1887; x_wconf 93' lang='lat' dir='ltr'>in</span> <span class='ocrx_word' id='word_1_114' title='bbox 1377 1813 1553 1888; x_wconf 82' lang='lat' dir='ltr'>desertum</span> <span class='ocrx_word' id='word_1_115' title='bbox 1579 1814 1790 1911; x_wconf 82' lang='lat' dir='ltr'>virgineum,</span> 
     </span>
     <span class='ocr_line' id='line_1_12' title="bbox 247 1939 1798 2040; baseline -0.003 -22"><span class='ocrx_word' id='word_1_116' title='bbox 247 1942 388 2018; x_wconf 88' lang='lat' dir='ltr'>secessit</span> <span class='ocrx_word' id='word_1_117' title='bbox 412 1943 519 2040; x_wconf 86' lang='lat' dir='ltr'>juxta</span> <span class='ocrx_word' id='word_1_118' title='bbox 548 1940 797 2015; x_wconf 87' lang='lat' dir='ltr'>monasterium</span> <span class='ocrx_word' id='word_1_119' title='bbox 822 1941 935 2013; x_wconf 89' lang='lat' dir='ltr'>sancti</span> <span class='ocrx_word' id='word_1_120' title='bbox 963 1940 1131 2032; x_wconf 88' lang='lat' dir='ltr'>Disibodi‚</span> <span class='ocrx_word' id='word_1_121' title='bbox 1158 1941 1194 2013; x_wconf 92' lang='lat' dir='ltr'>in</span> <span class='ocrx_word' id='word_1_122' title='bbox 1221 1939 1386 2014; x_wconf 88' lang='lat' dir='ltr'>cellulam</span> <span class='ocrx_word' id='word_1_123' title='bbox 1412 1941 1610 2014; x_wconf 85' lang='lat' dir='ltr'>arctissima</span> <span class='ocrx_word' id='word_1_124' title='bbox 1638 1940 1798 2014; x_wconf 89' lang='lat' dir='ltr'>custodia</span> 
     </span>
     <span class='ocr_line' id='line_1_13' title="bbox 247 2071 418 2148; baseline -0.012 -2"><span class='ocrx_word' id='word_1_125' title='bbox 247 2071 418 2148; x_wconf 84' lang='lat' dir='ltr'>clausam.</span> 
     </span>
    </p>

    <p class='ocr_par' dir='ltr' id='par_1_4' title="bbox 246 2177 1803 3326">
     <span class='ocr_line' id='line_1_14' title="bbox 295 2177 1797 2298; baseline -0.008 -22"><span class='ocrx_word' id='word_1_126' title='bbox 295 2200 464 2276; x_wconf 90' lang='lat' dir='ltr'>Octennis</span> <span class='ocrx_word' id='word_1_127' title='bbox 492 2209 568 2276; x_wconf 90' lang='lat' dir='ltr'>erat</span> <span class='ocrx_word' id='word_1_128' title='bbox 592 2177 831 2298; x_wconf 80' lang='lat' dir='ltr'>Hildegardis,</span> <span class='ocrx_word' id='word_1_129' title='bbox 858 2225 968 2298; x_wconf 89' lang='lat' dir='ltr'>quum</span> <span class='ocrx_word' id='word_1_130' title='bbox 993 2201 1209 2275; x_wconf 89' lang='lat' dir='ltr'>instantibus</span> <span class='ocrx_word' id='word_1_131' title='bbox 1234 2199 1327 2274; x_wconf 87' lang='lat' dir='ltr'>ultro</span> <span class='ocrx_word' id='word_1_132' title='bbox 1353 2199 1426 2274; x_wconf 87' lang='lat' dir='ltr'>suis</span> <span class='ocrx_word' id='word_1_133' title='bbox 1451 2197 1668 2295; x_wconf 86' lang='lat' dir='ltr'>parentibus,</span> <span class='ocrx_word' id='word_1_134' title='bbox 1700 2193 1797 2291; x_wconf 86' lang='lat' dir='ltr'>apud</span> 
     </span>
     <span class='ocr_line' id='line_1_15' title="bbox 249 2320 1797 2426; baseline -0.008 -22"><span class='ocrx_word' id='word_1_135' title='bbox 249 2328 403 2404; x_wconf 90' lang='lat' dir='ltr'>nobilem</span> <span class='ocrx_word' id='word_1_136' title='bbox 419 2326 590 2402; x_wconf 84' lang='lat' dir='ltr'>inclusam</span> <span class='ocrx_word' id='word_1_137' title='bbox 604 2335 744 2426; x_wconf 87' lang='lat' dir='ltr'>recepta</span> <span class='ocrx_word' id='word_1_138' title='bbox 760 2327 837 2417; x_wconf 90' lang='lat' dir='ltr'>fuit,</span> <span class='ocrx_word' id='word_1_139' title='bbox 856 2327 975 2401; x_wconf 87' lang='lat' dir='ltr'>oblata</span> <span class='ocrx_word' id='word_1_140' title='bbox 992 2328 1057 2400; x_wconf 89' lang='lat' dir='ltr'>sub</span> <span class='ocrx_word' id='word_1_141' title='bbox 1074 2326 1198 2424; x_wconf 89' lang='lat' dir='ltr'>regula</span> <span class='ocrx_word' id='word_1_142' title='bbox 1212 2325 1327 2399; x_wconf 86' lang='lat' dir='ltr'>sancti</span> <span class='ocrx_word' id='word_1_143' title='bbox 1350 2324 1544 2420; x_wconf 84' lang='lat' dir='ltr'>Benedicti,</span> <span class='ocrx_word' id='word_1_144' title='bbox 1572 2347 1679 2398; x_wconf 90' lang='lat' dir='ltr'>manu</span> <span class='ocrx_word' id='word_1_145' title='bbox 1698 2320 1797 2418; x_wconf 91' lang='lat' dir='ltr'>puel-</span> 
     </span>
     <span class='ocr_line' id='line_1_16' title="bbox 248 2447 1798 2554; baseline -0.008 -22"><span class='ocrx_word' id='word_1_146' title='bbox 248 2459 316 2554; x_wconf 82' lang='lat' dir='ltr'>lae,</span> <span class='ocrx_word' id='word_1_147' title='bbox 345 2464 384 2530; x_wconf 95' lang='lat' dir='ltr'>ut</span> <span class='ocrx_word' id='word_1_148' title='bbox 399 2456 506 2530; x_wconf 89' lang='lat' dir='ltr'>moris</span> <span class='ocrx_word' id='word_1_149' title='bbox 531 2463 617 2550; x_wconf 88' lang='lat' dir='ltr'>erat,</span> <span class='ocrx_word' id='word_1_150' title='bbox 643 2478 794 2552; x_wconf 89' lang='lat' dir='ltr'>mappae</span> <span class='ocrx_word' id='word_1_151' title='bbox 819 2453 943 2527; x_wconf 89' lang='lat' dir='ltr'>altaris</span> <span class='ocrx_word' id='word_1_152' title='bbox 968 2453 1138 2547; x_wconf 87' lang='lat' dir='ltr'>involuta,</span> <span class='ocrx_word' id='word_1_153' title='bbox 1157 2454 1289 2526; x_wconf 89' lang='lat' dir='ltr'>inserta</span> <span class='ocrx_word' id='word_1_154' title='bbox 1309 2475 1448 2550; x_wconf 90' lang='lat' dir='ltr'>quoque</span> <span class='ocrx_word' id='word_1_155' title='bbox 1464 2449 1681 2548; x_wconf 88' lang='lat' dir='ltr'>sponsalium</span> <span class='ocrx_word' id='word_1_156' title='bbox 1697 2447 1798 2521; x_wconf 90' lang='lat' dir='ltr'>char·</span> 
     </span>
     <span class='ocr_line' id='line_1_17' title="bbox 246 2577 1799 2686; baseline -0.012 -21"><span class='ocrx_word' id='word_1_157' title='bbox 246 2588 336 2680; x_wconf 90' lang='lat' dir='ltr'>tula,</span> <span class='ocrx_word' id='word_1_158' title='bbox 355 2612 397 2663; x_wconf 92' lang='lat' dir='ltr'>ac</span> <span class='ocrx_word' id='word_1_159' title='bbox 417 2587 611 2686; x_wconf 75' lang='lat' dir='ltr'>«pluribus</span> <span class='ocrx_word' id='word_1_160' title='bbox 630 2593 706 2660; x_wconf 92' lang='lat' dir='ltr'>tam</span> <span class='ocrx_word' id='word_1_161' title='bbox 730 2585 813 2660; x_wconf 91' lang='lat' dir='ltr'>altis</span> <span class='ocrx_word' id='word_1_162' title='bbox 837 2609 944 2682; x_wconf 91' lang='lat' dir='ltr'>quam</span> <span class='ocrx_word' id='word_1_163' title='bbox 971 2585 1203 2659; x_wconf 81' lang='lat' dir='ltr'>mediocribus</span> <span class='ocrx_word' id='word_1_164' title='bbox 1228 2583 1385 2681; x_wconf 88' lang='lat' dir='ltr'>personis</span> <span class='ocrx_word' id='word_1_165' title='bbox 1410 2580 1618 2668; x_wconf 88' lang='lat' dir='ltr'>astantibus,</span> <span class='ocrx_word' id='word_1_166' title='bbox 1646 2577 1717 2648; x_wconf 89' lang='lat' dir='ltr'>ritu</span> <span class='ocrx_word' id='word_1_167' title='bbox 1742 2598 1799 2647; x_wconf 91' lang='lat' dir='ltr'>eo-</span> 
     </span>
     <span class='ocr_line' id='line_1_18' title="bbox 252 2707 1797 2814; baseline -0.008 -23"><span class='ocrx_word' id='word_1_168' title='bbox 252 2741 331 2791; x_wconf 89' lang='lat' dir='ltr'>rum</span> <span class='ocrx_word' id='word_1_169' title='bbox 349 2715 410 2813; x_wconf 90' lang='lat' dir='ltr'>qui</span> <span class='ocrx_word' id='word_1_170' title='bbox 432 2740 594 2814; x_wconf 88' lang='lat' dir='ltr'>supremo</span> <span class='ocrx_word' id='word_1_171' title='bbox 619 2714 848 2812; x_wconf 85' lang='lat' dir='ltr'>exequiarum</span> <span class='ocrx_word' id='word_1_172' title='bbox 875 2714 1098 2811; x_wconf 87' lang='lat' dir='ltr'>deponuntur</span> <span class='ocrx_word' id='word_1_173' title='bbox 1123 2713 1246 2806; x_wconf 91' lang='lat' dir='ltr'>officio,</span> <span class='ocrx_word' id='word_1_174' title='bbox 1274 2711 1428 2786; x_wconf 84' lang='lat' dir='ltr'>acrensis</span> <span class='ocrx_word' id='word_1_175' title='bbox 1453 2707 1643 2798; x_wconf 88' lang='lat' dir='ltr'>funalibus,</span> <span class='ocrx_word' id='word_1_176' title='bbox 1671 2718 1710 2781; x_wconf 96' lang='lat' dir='ltr'>ut</span> <span class='ocrx_word' id='word_1_177' title='bbox 1736 2730 1797 2804; x_wconf 89' lang='lat' dir='ltr'>per</span> 
     </span>
     <span class='ocr_line' id='line_1_19' title="bbox 248 2835 1799 2940; baseline -0.008 -22"><span class='ocrx_word' id='word_1_178' title='bbox 248 2844 316 2918; x_wconf 88' lang='lat' dir='ltr'>boc</span> <span class='ocrx_word' id='word_1_179' title='bbox 332 2842 549 2939; x_wconf 75' lang='lat' dir='ltr'>fulgentibus</span> <span class='ocrx_word' id='word_1_180' title='bbox 565 2841 787 2940; x_wconf 85' lang='lat' dir='ltr'>lampadibus</span> <span class='ocrx_word' id='word_1_181' title='bbox 803 2865 941 2940; x_wconf 88' lang='lat' dir='ltr'>sponso,</span> <span class='ocrx_word' id='word_1_182' title='bbox 965 2842 1083 2916; x_wconf 86' lang='lat' dir='ltr'>media</span> <span class='ocrx_word' id='word_1_183' title='bbox 1106 2852 1209 2916; x_wconf 88' lang='lat' dir='ltr'>nocte</span> <span class='ocrx_word' id='word_1_184' title='bbox 1236 2850 1394 2932; x_wconf 80' lang='lat' dir='ltr'>venturo,</span> <span class='ocrx_word' id='word_1_185' title='bbox 1412 2864 1449 2914; x_wconf 84' lang='lat' dir='ltr'>se</span> <span class='ocrx_word' id='word_1_186' title='bbox 1472 2860 1655 2912; x_wconf 88' lang='lat' dir='ltr'>occurrere</span> <span class='ocrx_word' id='word_1_187' title='bbox 1672 2835 1799 2908; x_wconf 90' lang='lat' dir='ltr'>debere</span> 
     </span>
     <span class='ocr_line' id='line_1_20' title="bbox 251 2965 1802 3066; baseline -0.008 -20"><span class='ocrx_word' id='word_1_188' title='bbox 251 2979 462 3046; x_wconf 87' lang='lat' dir='ltr'>moneretur.</span> <span class='ocrx_word' id='word_1_189' title='bbox 488 3003 502 3038; x_wconf 76' lang='grc' dir='ltr'>ι</span> <span class='ocrx_word' id='word_1_190' title='bbox 522 2970 664 3044; x_wconf 83' lang='lat' dir='ltr'>Inclusa</span> <span class='ocrx_word' id='word_1_191' title='bbox 679 2968 783 3042; x_wconf 89' lang='lat' dir='ltr'>simul</span> <span class='ocrx_word' id='word_1_192' title='bbox 800 2968 866 3041; x_wconf 91' lang='lat' dir='ltr'>fuit</span> <span class='ocrx_word' id='word_1_193' title='bbox 879 2968 1001 3066; x_wconf 86' lang='lat' dir='ltr'>junior</span> <span class='ocrx_word' id='word_1_194' title='bbox 1016 2969 1130 3061; x_wconf 87' lang='lat' dir='ltr'>Jutta,</span> <span class='ocrx_word' id='word_1_195' title='bbox 1150 2969 1264 3066; x_wconf 91' lang='lat' dir='ltr'>neptis</span> <span class='ocrx_word' id='word_1_196' title='bbox 1281 2968 1437 3058; x_wconf 88' lang='lat' dir='ltr'>alterius,</span> <span class='ocrx_word' id='word_1_197' title='bbox 1456 2966 1593 3063; x_wconf 90' lang='lat' dir='ltr'>quibus·</span> <span class='ocrx_word' id='word_1_198' title='bbox 1610 2965 1703 3038; x_wconf 88' lang='lat' dir='ltr'>aliae</span> <span class='ocrx_word' id='word_1_199' title='bbox 1720 2986 1802 3036; x_wconf 83' lang='lat' dir='ltr'>mcx</span> 
     </span>
     <span class='ocr_line' id='line_1_21' title="bbox 249 3096 1803 3196; baseline -0.005 -24"><span class='ocrx_word' id='word_1_200' title='bbox 249 3107 285 3172; x_wconf 88' lang='lat' dir='ltr'>et</span> <span class='ocrx_word' id='word_1_201' title='bbox 314 3096 489 3196; x_wconf 86' lang='lat' dir='ltr'>plbrimae</span> <span class='ocrx_word' id='word_1_202' title='bbox 514 3107 743 3190; x_wconf 85' lang='lat' dir='ltr'>accesserunt,</span> <span class='ocrx_word' id='word_1_203' title='bbox 777 3121 838 3194; x_wconf 88' lang='lat' dir='ltr'>per</span> <span class='ocrx_word' id='word_1_204' title='bbox 863 3097 990 3194; x_wconf 79' lang='lat' dir='ltr'>viginti</span> <span class='ocrx_word' id='word_1_205' title='bbox 1018 3109 1052 3171; x_wconf 87' lang='lat' dir='ltr'>et</span> <span class='ocrx_word' id='word_1_206' title='bbox 1081 3107 1236 3195; x_wconf 91' lang='lat' dir='ltr'>quatuor</span> <span class='ocrx_word' id='word_1_207' title='bbox 1264 3121 1376 3171; x_wconf 90' lang='lat' dir='ltr'>annos</span> <span class='ocrx_word' id='word_1_208' title='bbox 1404 3097 1449 3170; x_wconf 90' lang='lat' dir='ltr'>ab</span> <span class='ocrx_word' id='word_1_209' title='bbox 1478 3096 1601 3170; x_wconf 87' lang='lat' dir='ltr'>eadem</span> <span class='ocrx_word' id='word_1_210' title='bbox 1627 3103 1739 3168; x_wconf 89' lang='lat' dir='ltr'>matre</span> <span class='ocrx_word' id='word_1_211' title='bbox 1768 3100 1803 3164; x_wconf 89' lang='lat' dir='ltr'>et</span> 
     </span>
     <span class='ocr_line' id='line_1_22' title="bbox 249 3224 1415 3326; baseline 0.002 -28"><span class='ocrx_word' id='word_1_212' title='bbox 249 3224 420 3321; x_wconf 89' lang='lat' dir='ltr'>magistra</span> <span class='ocrx_word' id='word_1_213' title='bbox 439 3225 484 3298; x_wconf 92' lang='lat' dir='ltr'>ad</span> <span class='ocrx_word' id='word_1_214' title='bbox 501 3225 646 3298; x_wconf 84' lang='lat' dir='ltr'>meliora</span> <span class='ocrx_word' id='word_1_215' title='bbox 664 3225 699 3297; x_wconf 90' lang='lat' dir='ltr'>in</span> <span class='ocrx_word' id='word_1_216' title='bbox 717 3226 807 3299; x_wconf 93' lang='lat' dir='ltr'>diem</span> <span class='ocrx_word' id='word_1_217' title='bbox 827 3226 1042 3301; x_wconf 86' lang='lat' dir='ltr'>charismata</span> <span class='ocrx_word' id='word_1_218' title='bbox 1058 3228 1228 3302; x_wconf 86' lang='lat' dir='ltr'>deductae</span> <span class='ocrx_word' id='word_1_219' title='bbox 1245 3228 1296 3325; x_wconf 94' lang='lat' dir='ltr'>(p.</span> <span class='ocrx_word' id='word_1_220' title='bbox 1316 3231 1415 3326; x_wconf 86' lang='grc'>408).</span> 
     </span>
    </p>

    <p class='ocr_par' dir='ltr' id='par_1_5' title="bbox 251 3354 1804 3839">
     <span class='ocr_line' id='line_1_23' title="bbox 301 3354 1804 3455; baseline -0.003 -25"><span class='ocrx_word' id='word_1_221' title='bbox 301 3355 379 3444; x_wconf 88' lang='lat' dir='ltr'>Quo</span> <span class='ocrx_word' id='word_1_222' title='bbox 396 3356 539 3430; x_wconf 88' lang='lat' dir='ltr'>tramite</span> <span class='ocrx_word' id='word_1_223' title='bbox 556 3356 673 3453; x_wconf 87' lang='lat' dir='ltr'>puella</span> <span class='ocrx_word' id='word_1_224' title='bbox 692 3357 927 3454; x_wconf 85' lang='lat' dir='ltr'>progrediens,</span> <span class='ocrx_word' id='word_1_225' title='bbox 947 3358 1116 3454; x_wconf 86' lang='lat' dir='ltr'>usquead</span> <span class='ocrx_word' id='word_1_226' title='bbox 1135 3382 1267 3432; x_wconf 89' lang='lat' dir='ltr'>aunum</span> <span class='ocrx_word' id='word_1_227' title='bbox 1283 3358 1447 3455; x_wconf 91' lang='lat' dir='ltr'>quintum</span> <span class='ocrx_word' id='word_1_228' title='bbox 1468 3356 1640 3432; x_wconf 88' lang='lat' dir='ltr'>decimum</span> <span class='ocrx_word' id='word_1_229' title='bbox 1659 3391 1671 3419; x_wconf 77' lang='grc' dir='ltr'>ιι</span> <span class='ocrx_word' id='word_1_230' title='bbox 1691 3354 1804 3427; x_wconf 88' lang='lat' dir='ltr'>multa</span> 
     </span>
     <span class='ocr_line' id='line_1_24' title="bbox 252 3483 1802 3585; baseline 0 -27"><span class='ocrx_word' id='word_1_231' title='bbox 252 3484 354 3578; x_wconf 84' lang='lat' dir='ltr'>vidit,</span> <span class='ocrx_word' id='word_1_232' title='bbox 375 3483 477 3582; x_wconf 85' lang='lat' dir='ltr'>plura</span> <span class='ocrx_word' id='word_1_233' title='bbox 493 3485 698 3584; x_wconf 87' lang='lat' dir='ltr'>simpliciter</span> <span class='ocrx_word' id='word_1_234' title='bbox 715 3486 874 3583; x_wconf 86' lang='lat' dir='ltr'>loquens,</span> <span class='ocrx_word' id='word_1_235' title='bbox 906 3487 956 3561; x_wconf 91' lang='lat' dir='ltr'>ita</span> <span class='ocrx_word' id='word_1_236' title='bbox 981 3488 1074 3585; x_wconf 91' lang='lat' dir='ltr'>quod</span> <span class='ocrx_word' id='word_1_237' title='bbox 1100 3488 1153 3561; x_wconf 92' lang='lat' dir='ltr'>illi</span> <span class='ocrx_word' id='word_1_238' title='bbox 1179 3488 1462 3562; x_wconf 79' lang='lat' dir='ltr'>ammirabantur</span> <span class='ocrx_word' id='word_1_239' title='bbox 1486 3487 1548 3584; x_wconf 91' lang='lat' dir='ltr'>qui</span> <span class='ocrx_word' id='word_1_240' title='bbox 1568 3486 1663 3559; x_wconf 90' lang='lat' dir='ltr'>hanc</span> <span class='ocrx_word' id='word_1_241' title='bbox 1683 3484 1802 3558; x_wconf 88' lang='lat' dir='ltr'>audie·</span> 
     </span>
     <span class='ocr_line' id='line_1_25' title="bbox 251 3611 1802 3714; baseline -0.003 -25"><span class='ocrx_word' id='word_1_242' title='bbox 251 3623 369 3690; x_wconf 88' lang='lat' dir='ltr'>rant...</span> <span class='ocrx_word' id='word_1_243' title='bbox 385 3614 618 3713; x_wconf 84' lang='lat' dir='ltr'>Quapropter,</span> <span class='ocrx_word' id='word_1_244' title='bbox 637 3626 672 3690; x_wconf 92' lang='lat' dir='ltr'>et</span> <span class='ocrx_word' id='word_1_245' title='bbox 689 3640 818 3713; x_wconf 89' lang='lat' dir='ltr'>magno</span> <span class='ocrx_word' id='word_1_246' title='bbox 836 3616 960 3690; x_wconf 88' lang='lat' dir='ltr'>timore</span> <span class='ocrx_word' id='word_1_247' title='bbox 976 3627 1138 3714; x_wconf 87' lang='lat' dir='ltr'>correpta</span> <span class='ocrx_word' id='word_1_248' title='bbox 1155 3623 1217 3710; x_wconf 87' lang='lat' dir='ltr'>est,</span> <span class='ocrx_word' id='word_1_249' title='bbox 1236 3640 1302 3690; x_wconf 91' lang='lat' dir='ltr'>nec</span> <span class='ocrx_word' id='word_1_250' title='bbox 1321 3616 1474 3714; x_wconf 88' lang='lat' dir='ltr'>amplius</span> <span class='ocrx_word' id='word_1_251' title='bbox 1499 3615 1543 3687; x_wconf 90' lang='lat' dir='ltr'>de</span> <span class='ocrx_word' id='word_1_252' title='bbox 1568 3637 1631 3688; x_wconf 89' lang='lat' dir='ltr'>suo</span> <span class='ocrx_word' id='word_1_253' title='bbox 1657 3611 1802 3686; x_wconf 90' lang='lat' dir='ltr'>interio-</span> 
     </span>
     <span class='ocr_line' id='line_1_26' title="bbox 256 3741 1090 3839; baseline -0.002 -24"><span class='ocrx_word' id='word_1_254' title='bbox 256 3765 295 3816; x_wconf 89' lang='lat' dir='ltr'>re</span> <span class='ocrx_word' id='word_1_255' title='bbox 311 3741 453 3816; x_wconf 89' lang='lat' dir='ltr'>homine</span> <span class='ocrx_word' id='word_1_256' title='bbox 470 3741 633 3839; x_wconf 89' lang='lat' dir='ltr'>cuiquam</span> <span class='ocrx_word' id='word_1_257' title='bbox 650 3741 877 3817; x_wconf 84' lang='lat' dir='ltr'>manifestare</span> <span class='ocrx_word' id='word_1_258' title='bbox 893 3744 1055 3818; x_wconf 88' lang='lat' dir='ltr'>audebat.</span> <span class='ocrx_word' id='word_1_259' title='bbox 1076 3778 1090 3813; x_wconf 77' lang='lat' dir='ltr'>o</span> 
     </span>
    </p>

    <p class='ocr_par' dir='ltr' id='par_1_6' title="bbox 252 3869 1805 4098">
     <span class='ocr_line' id='line_1_27' title="bbox 301 3869 1801 3972; baseline -0.003 -28"><span class='ocrx_word' id='word_1_260' title='bbox 301 3870 370 3944; x_wconf 87' lang='lat' dir='ltr'>Sed</span> <span class='ocrx_word' id='word_1_261' title='bbox 387 3871 471 3944; x_wconf 95' lang='lat' dir='ltr'>dum</span> <span class='ocrx_word' id='word_1_262' title='bbox 488 3872 652 3970; x_wconf 90' lang='lat' dir='ltr'>prudenti</span> <span class='ocrx_word' id='word_1_263' title='bbox 668 3872 809 3946; x_wconf 88' lang='lat' dir='ltr'>silentio</span> <span class='ocrx_word' id='word_1_264' title='bbox 827 3881 1084 3948; x_wconf 85' lang='lat' dir='ltr'>sacramentum</span> <span class='ocrx_word' id='word_1_265' title='bbox 1103 3875 1195 3972; x_wconf 88' lang='lat' dir='ltr'>regis</span> <span class='ocrx_word' id='word_1_266' title='bbox 1219 3873 1384 3966; x_wconf 90' lang='lat' dir='ltr'>occultat,</span> <span class='ocrx_word' id='word_1_267' title='bbox 1411 3895 1482 3946; x_wconf 91' lang='lat' dir='ltr'>non</span> <span class='ocrx_word' id='word_1_268' title='bbox 1508 3869 1657 3967; x_wconf 77' lang='lat' dir='ltr'>negligit</span> <span class='ocrx_word' id='word_1_269' title='bbox 1674 3876 1709 3941; x_wconf 91' lang='lat' dir='ltr'>et</span> <span class='ocrx_word' id='word_1_270' title='bbox 1727 3891 1801 3940; x_wconf 86' lang='lat' dir='ltr'>ma-</span> 
     </span>
     <span class='ocr_line' id='line_1_28' title="bbox 252 3998 1805 4098; baseline -0.001 -24"><span class='ocrx_word' id='word_1_271' title='bbox 252 4000 397 4098; x_wconf 87' lang='lat' dir='ltr'>gisterio</span> <span class='ocrx_word' id='word_1_272' title='bbox 414 4001 536 4075; x_wconf 86' lang='lat' dir='ltr'>matris</span> <span class='ocrx_word' id='word_1_273' title='bbox 561 4011 596 4075; x_wconf 90' lang='lat' dir='ltr'>et</span> <span class='ocrx_word' id='word_1_274' title='bbox 616 4004 791 4077; x_wconf 89' lang='lat' dir='ltr'>consortio</span> <span class='ocrx_word' id='word_1_275' title='bbox 815 4003 991 4077; x_wconf 83' lang='lat' dir='ltr'>sociarum</span> <span class='ocrx_word' id='word_1_276' title='bbox 1017 4004 1079 4094; x_wconf 92' lang='lat' dir='ltr'>uti,</span> <span class='ocrx_word' id='word_1_277' title='bbox 1107 4003 1152 4077; x_wconf 89' lang='lat' dir='ltr'>ad</span> <span class='ocrx_word' id='word_1_278' title='bbox 1179 4026 1300 4078; x_wconf 88' lang='lat' dir='ltr'>omnes</span> <span class='ocrx_word' id='word_1_279' title='bbox 1325 4003 1466 4076; x_wconf 90' lang='lat' dir='ltr'>animae</span> <span class='ocrx_word' id='word_1_280' title='bbox 1491 4011 1527 4076; x_wconf 92' lang='lat' dir='ltr'>et</span> <span class='ocrx_word' id='word_1_281' title='bbox 1552 3999 1685 4097; x_wconf 91' lang='lat' dir='ltr'>ingenii</span> <span class='ocrx_word' id='word_1_282' title='bbox 1713 3998 1805 4072; x_wconf 85' lang='lat' dir='ltr'>vires</span> 
     </span>
    </p>
   </div>
   <div class='ocr_carea' id='block_1_3' title="bbox 120 4127 1804 4226">
    <p class='ocr_par' dir='ltr' id='par_1_7' title="bbox 120 4127 1804 4226">
     <span class='ocr_line' id='line_1_29' title="bbox 120 4127 1804 4226; baseline -0.004 -23"><span class='ocrx_word' id='word_1_283' title='bbox 120 4185 122 4190; x_wconf 73' lang='lat'><em>.</em></span> <span class='ocrx_word' id='word_1_284' title='bbox 256 4129 452 4203; x_wconf 83' lang='lat' dir='ltr'>exerendas</span> <span class='ocrx_word' id='word_1_285' title='bbox 469 4129 504 4202; x_wconf 88' lang='lat' dir='ltr'>iu</span> <span class='ocrx_word' id='word_1_286' title='bbox 523 4130 723 4204; x_wconf 81' lang='lat' dir='ltr'>excolendis</span> <span class='ocrx_word' id='word_1_287' title='bbox 736 4130 934 4204; x_wconf 87' lang='lat' dir='ltr'>litterarum</span> <span class='ocrx_word' id='word_1_288' title='bbox 951 4128 1156 4226; x_wconf 85' lang='lat' dir='ltr'>disciplinis,</span> <span class='ocrx_word' id='word_1_289' title='bbox 1184 4138 1258 4203; x_wconf 90' lang='lat' dir='ltr'>tum</span> <span class='ocrx_word' id='word_1_290' title='bbox 1286 4129 1452 4226; x_wconf 87' lang='lat' dir='ltr'>temporis</span> <span class='ocrx_word' id='word_1_291' title='bbox 1477 4153 1541 4226; x_wconf 90' lang='lat' dir='ltr'>per</span> <span class='ocrx_word' id='word_1_292' title='bbox 1565 4127 1705 4224; x_wconf 88' lang='lat' dir='ltr'>singula</span> <span class='ocrx_word' id='word_1_293' title='bbox 1733 4151 1804 4198; x_wconf 91' lang='lat' dir='ltr'>mo-</span> 
     </span>
    </p>
   </div>
   <div class='ocr_carea' id='block_1_4' title="bbox 253 4253 1808 4872">
    <p class='ocr_par' dir='ltr' id='par_1_8' title="bbox 253 4253 1808 4872">
     <span class='ocr_line' id='line_1_30' title="bbox 253 4253 1805 4354; baseline -0.003 -25"><span class='ocrx_word' id='word_1_294' title='bbox 253 4255 402 4329; x_wconf 89' lang='lat' dir='ltr'>nialium</span> <span class='ocrx_word' id='word_1_295' title='bbox 418 4258 587 4332; x_wconf 86' lang='lat' dir='ltr'>asceteria</span> <span class='ocrx_word' id='word_1_296' title='bbox 609 4257 824 4332; x_wconf 86' lang='lat' dir='ltr'>florentibus.</span> <span class='ocrx_word' id='word_1_297' title='bbox 851 4257 945 4332; x_wconf 85' lang='lat' dir='ltr'>Sane</span> <span class='ocrx_word' id='word_1_298' title='bbox 965 4257 1040 4353; x_wconf 86' lang='lat' dir='ltr'>jam</span> <span class='ocrx_word' id='word_1_299' title='bbox 1063 4257 1170 4353; x_wconf 84' lang='lat' dir='ltr'>juxta</span> <span class='ocrx_word' id='word_1_300' title='bbox 1196 4256 1320 4330; x_wconf 89' lang='lat' dir='ltr'>aderat</span> <span class='ocrx_word' id='word_1_301' title='bbox 1348 4256 1506 4354; x_wconf 84' lang='lat' dir='ltr'>«puella</span> <span class='ocrx_word' id='word_1_302' title='bbox 1532 4255 1659 4332; x_wconf 91' lang='lat' dir='ltr'>nobilis</span> <span class='ocrx_word' id='word_1_303' title='bbox 1684 4262 1719 4326; x_wconf 90' lang='lat' dir='ltr'>et</span> <span class='ocrx_word' id='word_1_304' title='bbox 1746 4253 1805 4325; x_wconf 90' lang='lat' dir='ltr'>bo·</span> 
     </span>
     <span class='ocr_line' id='line_1_31' title="bbox 256 4386 1807 4486; baseline -0.001 -27"><span class='ocrx_word' id='word_1_305' title='bbox 256 4410 382 4460; x_wconf 86' lang='lat' dir='ltr'>norum</span> <span class='ocrx_word' id='word_1_306' title='bbox 399 4411 534 4462; x_wconf 91' lang='lat' dir='ltr'>morum</span> <span class='ocrx_word' id='word_1_307' title='bbox 553 4387 603 4486; x_wconf 92' lang='lat' dir='ltr'>(p.</span> <span class='ocrx_word' id='word_1_308' title='bbox 619 4391 666 4481; x_wconf 77' lang='grc'>8),</span> <span class='ocrx_word' id='word_1_309' title='bbox 691 4423 705 4456; x_wconf 73' lang='lat' dir='ltr'>o</span> <span class='ocrx_word' id='word_1_310' title='bbox 732 4397 787 4463; x_wconf 88' lang='lat' dir='ltr'>ter</span> <span class='ocrx_word' id='word_1_311' title='bbox 811 4397 1003 4464; x_wconf 88' lang='lat' dir='ltr'>memorata</span> <span class='ocrx_word' id='word_1_312' title='bbox 1027 4389 1063 4461; x_wconf 93' lang='lat' dir='ltr'>in</span> <span class='ocrx_word' id='word_1_313' title='bbox 1080 4389 1224 4462; x_wconf 85' lang='lat' dir='ltr'>exordio</span> <span class='ocrx_word' id='word_1_314' title='bbox 1240 4388 1347 4462; x_wconf 94' lang='lat' dir='ltr'>trium</span> <span class='ocrx_word' id='word_1_315' title='bbox 1364 4390 1546 4484; x_wconf 89' lang='lat' dir='ltr'>librorum,</span> <span class='ocrx_word' id='word_1_316' title='bbox 1563 4411 1655 4486; x_wconf 87' lang='lat' dir='ltr'>quae</span> <span class='ocrx_word' id='word_1_317' title='bbox 1670 4386 1709 4458; x_wconf 88' lang='lat' dir='ltr'>iu</span> <span class='ocrx_word' id='word_1_318' title='bbox 1725 4407 1807 4459; x_wconf 88' lang='lat' dir='ltr'>con·</span> 
     </span>
     <span class='ocr_line' id='line_1_32' title="bbox 253 4512 1805 4613; baseline -0.005 -26"><span class='ocrx_word' id='word_1_319' title='bbox 253 4515 446 4589; x_wconf 85' lang='lat' dir='ltr'>scribendis</span> <span class='ocrx_word' id='word_1_320' title='bbox 463 4515 710 4590; x_wconf 85' lang='lat' dir='ltr'>dictaminibus</span> <span class='ocrx_word' id='word_1_321' title='bbox 726 4517 931 4591; x_wconf 89' lang='lat' dir='ltr'>continuum</span> <span class='ocrx_word' id='word_1_322' title='bbox 947 4515 1001 4588; x_wconf 91' lang='lat' dir='ltr'>illi</span> <span class='ocrx_word' id='word_1_323' title='bbox 1018 4514 1194 4588; x_wconf 85' lang='lat' dir='ltr'>auxilium</span> <span class='ocrx_word' id='word_1_324' title='bbox 1212 4515 1400 4613; x_wconf 88' lang='lat' dir='ltr'>praestitit.</span> <span class='ocrx_word' id='word_1_325' title='bbox 1427 4513 1501 4588; x_wconf 88' lang='lat' dir='ltr'>Nec</span> <span class='ocrx_word' id='word_1_326' title='bbox 1527 4512 1725 4610; x_wconf 80' lang='lat' dir='ltr'>praefracte</span> <span class='ocrx_word' id='word_1_327' title='bbox 1751 4533 1805 4582; x_wconf 89' lang='lat' dir='ltr'>as·</span> 
     </span>
     <span class='ocr_line' id='line_1_33' title="bbox 255 4639 1806 4743; baseline -0.005 -25"><span class='ocrx_word' id='word_1_328' title='bbox 255 4645 451 4739; x_wconf 83' lang='lat' dir='ltr'>serendum,</span> <span class='ocrx_word' id='word_1_329' title='bbox 471 4645 682 4743; x_wconf 80' lang='lat' dir='ltr'>Hildegardi</span> <span class='ocrx_word' id='word_1_330' title='bbox 703 4647 792 4720; x_wconf 88' lang='lat' dir='ltr'>adeo</span> <span class='ocrx_word' id='word_1_331' title='bbox 817 4645 974 4742; x_wconf 91' lang='lat' dir='ltr'>ignotam</span> <span class='ocrx_word' id='word_1_332' title='bbox 1001 4643 1108 4717; x_wconf 87' lang='lat' dir='ltr'>fuisse</span> <span class='ocrx_word' id='word_1_333' title='bbox 1133 4642 1292 4740; x_wconf 85' lang='lat' dir='ltr'>linguam</span> <span class='ocrx_word' id='word_1_334' title='bbox 1319 4641 1609 4732; x_wconf 88' lang='lat' dir='ltr'>ecclesiasticam,</span> <span class='ocrx_word' id='word_1_335' title='bbox 1641 4648 1680 4714; x_wconf 91' lang='lat' dir='ltr'>ut</span> <span class='ocrx_word' id='word_1_336' title='bbox 1706 4639 1806 4712; x_wconf 92' lang='lat' dir='ltr'>dum-</span> 
     </span>
     <span class='ocr_line' id='line_1_34' title="bbox 257 4767 1808 4872; baseline -0.001 -28"><span class='ocrx_word' id='word_1_337' title='bbox 257 4779 360 4846; x_wconf 84' lang='lat' dir='ltr'>taxat</span> <span class='ocrx_word' id='word_1_338' title='bbox 376 4775 553 4848; x_wconf 88' lang='lat' dir='ltr'>teutonice</span> <span class='ocrx_word' id='word_1_339' title='bbox 569 4775 719 4849; x_wconf 86' lang='lat' dir='ltr'>dictaret</span> <span class='ocrx_word' id='word_1_340' title='bbox 735 4783 797 4848; x_wconf 88' lang='lat' dir='ltr'>aut</span> <span class='ocrx_word' id='word_1_341' title='bbox 813 4773 1101 4848; x_wconf 86' lang='lat' dir='ltr'>confabularetur</span> <span class='ocrx_word' id='word_1_342' title='bbox 1117 4775 1183 4872; x_wconf 93' lang='lat' dir='ltr'>(l).</span> <span class='ocrx_word' id='word_1_343' title='bbox 1203 4773 1349 4846; x_wconf 89' lang='lat' dir='ltr'>Praeter</span> <span class='ocrx_word' id='word_1_344' title='bbox 1366 4772 1458 4847; x_wconf 90' lang='lat' dir='ltr'>enim</span> <span class='ocrx_word' id='word_1_345' title='bbox 1485 4767 1702 4869; x_wconf 85' lang='lat' dir='ltr'>psalterium,</span> <span class='ocrx_word' id='word_1_346' title='bbox 1730 4771 1808 4866; x_wconf 89' lang='lat' dir='ltr'>ipsa</span> 
     </span>
    </p>
   </div>
   <div class='ocr_carea' id='block_1_5' title="bbox 262 5028 1806 5277">
    <p class='ocr_par' dir='ltr' id='par_1_9' title="bbox 262 5028 1806 5277">
     <span class='ocr_line' id='line_1_35' title="bbox 297 5028 1805 5104; baseline -0.005 -18"><span class='ocrx_word' id='word_1_347' title='bbox 297 5034 337 5098; x_wconf 81' lang='lat' dir='ltr'>(tl</span> <span class='ocrx_word' id='word_1_348' title='bbox 352 5031 445 5088; x_wconf 86' lang='lat' dir='ltr'>Etiam</span> <span class='ocrx_word' id='word_1_349' title='bbox 459 5033 616 5090; x_wconf 80' lang='lat' dir='ltr'>Guibertus</span> <span class='ocrx_word' id='word_1_350' title='bbox 629 5031 843 5091; x_wconf 85' lang='lat' dir='ltr'>Gemblarenrir</span> <span class='ocrx_word' id='word_1_351' title='bbox 862 5031 931 5088; x_wconf 86' lang='lat' dir='ltr'>buic</span> <span class='ocrx_word' id='word_1_352' title='bbox 950 5047 1011 5087; x_wconf 85' lang='lat' dir='ltr'>scn-</span> <span class='ocrx_word' id='word_1_353' title='bbox 1056 5033 1151 5104; x_wconf 81' lang='lat' dir='ltr'>plures</span> <span class='ocrx_word' id='word_1_354' title='bbox 1163 5048 1261 5096; x_wconf 67' lang='lat' dir='ltr'>anneis.</span> <span class='ocrx_word' id='word_1_355' title='bbox 1281 5049 1346 5090; x_wconf 84' lang='lat' dir='ltr'>eum</span> <span class='ocrx_word' id='word_1_356' title='bbox 1364 5028 1538 5100; x_wconf 76' lang='lat' dir='ltr'>llildcgarde</span> <span class='ocrx_word' id='word_1_357' title='bbox 1558 5031 1614 5082; x_wconf 86' lang='lat' dir='ltr'>tam</span> <span class='ocrx_word' id='word_1_358' title='bbox 1634 5043 1701 5082; x_wconf 82' lang='lat' dir='ltr'>voce</span> <span class='ocrx_word' id='word_1_359' title='bbox 1719 5038 1805 5095; x_wconf 83' lang='lat' dir='ltr'>qrranr</span> 
     </span>
     <span class='ocr_line' id='line_1_36' title="bbox 263 5110 1806 5190; baseline -0.006 -16"><span class='ocrx_word' id='word_1_360' title='bbox 263 5117 371 5176; x_wconf 85' lang='lat' dir='ltr'>tentiae</span> <span class='ocrx_word' id='word_1_361' title='bbox 385 5117 471 5184; x_wconf 83' lang='lat' dir='ltr'>favet,</span> <span class='ocrx_word' id='word_1_362' title='bbox 490 5119 539 5190; x_wconf 86' lang='lat' dir='ltr'>qui</span> <span class='ocrx_word' id='word_1_363' title='bbox 555 5126 648 5175; x_wconf 85' lang='lat' dir='ltr'>tamen</span> <span class='ocrx_word' id='word_1_364' title='bbox 663 5133 752 5190; x_wconf 86' lang='lat' dir='ltr'>quum</span> <span class='ocrx_word' id='word_1_365' title='bbox 773 5117 899 5188; x_wconf 77' lang='lat' dir='ltr'>linguam</span> <span class='ocrx_word' id='word_1_366' title='bbox 920 5122 1011 5172; x_wconf 87' lang='lat' dir='ltr'>teuto-</span> <span class='ocrx_word' id='word_1_367' title='bbox 1055 5110 1658 5188; x_wconf 58' lang='lat' dir='ltr'>arripueramintraqnamcrtraBingence</span> <span class='ocrx_word' id='word_1_368' title='bbox 1666 5115 1806 5165; x_wconf 85' lang='lat' dir='ltr'>monaste·</span> 
     </span>
     <span class='ocr_line' id='line_1_37' title="bbox 262 5195 1672 5277; baseline -0.007 -17"><span class='ocrx_word' id='word_1_369' title='bbox 262 5206 355 5262; x_wconf 82' lang='lat' dir='ltr'>nicam</span> <span class='ocrx_word' id='word_1_370' title='bbox 380 5206 532 5276; x_wconf 75' lang='lat' dir='ltr'>ignoraret,</span> <span class='ocrx_word' id='word_1_371' title='bbox 558 5223 611 5262; x_wconf 88' lang='lat' dir='ltr'>non</span> <span class='ocrx_word' id='word_1_372' title='bbox 636 5207 691 5263; x_wconf 81' lang='lat' dir='ltr'>nisi</span> <span class='ocrx_word' id='word_1_373' title='bbox 716 5207 805 5264; x_wconf 83' lang='lat' dir='ltr'>latine</span> <span class='ocrx_word' id='word_1_374' title='bbox 827 5205 940 5263; x_wconf 84' lang='lat' dir='ltr'>ridetur</span> <span class='ocrx_word' id='word_1_375' title='bbox 962 5222 1011 5277; x_wconf 84' lang='lat' dir='ltr'>prr</span> <span class='ocrx_word' id='word_1_376' title='bbox 1056 5205 1142 5264; x_wconf 87' lang='lat' dir='ltr'>rium,</span> <span class='ocrx_word' id='word_1_377' title='bbox 1157 5203 1257 5271; x_wconf 77' lang='lat' dir='ltr'>egisse,</span> <span class='ocrx_word' id='word_1_378' title='bbox 1272 5203 1351 5256; x_wconf 88' lang='lat' dir='ltr'>nullo</span> <span class='ocrx_word' id='word_1_379' title='bbox 1365 5200 1520 5270; x_wconf 82' lang='lat' dir='ltr'>interprete</span> <span class='ocrx_word' id='word_1_380' title='bbox 1533 5195 1672 5252; x_wconf 84' lang='lat' dir='ltr'>adhibito.</span> 
     </span>
    </p>
   </div>
   <div class='ocr_carea' id='block_1_6' title="bbox 0 0 2022 6100">
    <p class='ocr_par' dir='ltr' id='par_1_10' title="bbox 0 0 2022 6100">
     <span class='ocr_line' id='line_1_38' title="bbox 0 0 2022 6100; baseline 0 0"><span class='ocrx_word' id='word_1_381' title='bbox 0 0 2022 6100; x_wconf 95' lang='lat' dir='ltr'> </span> 
     </span>
    </p>
   </div>
  </div>
 </body>
</html>
