3998 6100
838 503 1085 556 rsoonurun
1536 465 1539 475 ’
1653 499 1702 550 rrr

191 657 292 742 teste,
329 648 437 749 probe
466 647 697 741 intellectum,
729 653 956 742 caeterasque
990 643 1171 718 monastici
1203 641 1307 715 officii
1336 640 1590 714 variatissimas
1616 665 1749 738 preces,

191 787 408 876 compertum
436 785 488 850 est
514 773 713 848 memoriter
738 796 815 846 eam
841 781 877 844 et
903 770 1071 844 familiari
1096 794 1161 842 usu
1188 768 1341 842 tenuisse
1367 773 1571 841 innumeras
1596 769 1748 866 paginas

192 931 319 1000 sacras,
351 929 415 980 nec
444 926 560 1002 panca
589 901 728 974 cantica
756 899 971 974 commisisse
999 897 1171 971 latinitati
1202 907 1392 993 utcumque
1422 895 1588 990 eleganti,
1623 896 1751 969 saltem

194 1033 417 1130 propriosne
443 1029 599 1102 imbutae
623 1025 776 1122 iugenio.
804 1023 894 1112 Quid
921 1025 1026 1121 quod,
1053 1025 1108 1097 val
1138 1026 1229 1097 inter
1254 1023 1459 1096 umbratilia
1481 1034 1516 1094 et
1532 1021 1645 1096 libere
1661 1025 1746 1113 otia,

195 1183 266 1234 non
282 1160 393 1234 solum
411 1158 561 1255 hymnos
577 1153 830 1228 ecclesiasticos
847 1133 1002 1227 recinens
1017 1153 1162 1241 solebat,
1177 1152 1237 1224 ssd
1251 1151 1406 1225 scenicos
1419 1150 1565 1223 miscere
1579 1149 1687 1241 lusus,
1703 1147 1756 1224 la-

199 1291 273 1362 tine
289 1311 400 1384 usqne
425 1286 470 1359 ad
486 1307 551 1358 nos
575 1283 765 1373 traductos,
791 1282 921 1378 quibus
945 1281 1109 1378 egregiae
1134 1281 1305 1354 moniales
1330 1279 1505 1352 acuebant
1531 1279 1688 1352 animum
1716 1285 1752 1352 et

198 1413 425 1489 recreabant?
455 1411 575 1484 Nolim
606 1408 774 1481 dehisce
808 1407 965 1505 proferre
999 1408 1092 1505 quod
1126 1405 1356 1502 gravissimus
1392 1405 1542 1502 scriptor
1580 1405 1755 1478 Eusebius

201 1550 329 1620 Amort
346 1545 389 1616 de
404 1550 528 1616 sancta
545 1538 722 1613 Gertrude
748 1537 907 1631 asseruit,
934 1560 1010 1610 eam
1029 1560 1107 1610 cnm
1134 1537 1265 1610 eximio
1292 1535 1490 1608 eruditione
1515 1535 1551 1608 in
1572 1536 1755 1634 scriptori·

200 1676 265 1748 bns
283 1671 403 1747 latinis
426 1678 499 1744 tam
526 1669 684 1766 prolenis
709 1693 815 1764 quom
841 1669 951 1741 sacris
977 1668 1201 1764 conjunxisse
1227 1667 1450 1740 sanctitatem
1478 1690 1612 1741 morum
1639 1681 1675 1742 et
1699 1669 1754 1742 fa·

201 1799 440 1873 miliaritatem
458 1824 537 1873 cum
557 1799 630 1872 Deo
648 1797 890 1872 admirandam
906 1798 976 1892 (De
988 1797 1239 1870 revelationibus
1256 1821 1290 1892 p.
1312 1799 1391 1887 170,
1414 1799 1480 1871 171
1486 1802 1513 1892 ).'
1526 1798 1594 1872 Sed
1609 1823 1680 1873 non
1698 1825 1756 1874 ur·
1813 1819 1817 1828 ·

196 1936 314 2031 gendo
330 1959 404 2009 esse
422 1959 499 2009 reor
515 1934 693 2006 modestae
709 1932 871 2029 Virginis
889 1933 1007 2024 rerba,
1021 1931 1210 2005 ruditatem
1229 1931 1438 2021 affectantis,
1462 1931 1663 2030 limatisque
1681 1959 1757 2008 ver-

200 2068 256 2140 bis
271 2091 307 2140 se
321 2067 373 2140 uti
390 2065 563 2162 negantis.
580 2063 706 2160 Neque
722 2062 1027 2154 dissimulaverim,
1049 2070 1088 2135 ut
1105 2062 1180 2160 ejus
1195 2064 1312 2136 verbis
1326 2073 1418 2150 utar,
1448 2097 1463 2130 o
1484 2089 1554 2139 non
1573 2091 1668 2140 more
1685 2067 1755 2142 leo-

203 2217 287 2265 num
306 2193 460 2267 locutom
475 2193 592 2287 luisse,
611 2216 676 2266 nec
693 2192 759 2266 nisi
779 2213 931 2289 pennam
947 2191 1071 2283 lavem,
1086 2191 1123 2263 in
1144 2189 1278 2286 Spiritu
1297 2191 1486 2286 volantem,
1502 2195 1758 2272 aestimandum

205 2341 280 2392 esse
294 2319 518 2392 flammamre
534 2326 786 2410 coruscantem,
804 2326 868 2392 eut
885 2316 1011 2391 nubem
1031 2315 1067 2390 in
1087 2340 1167 2390 aere
1193 2340 1282 2414 puro
1300 2325 1442 2391 motem.
1468 2349 1482 2386 s
1510 2319 1581 2414 (ΟΥ.
1600 2323 1760 2399 Bolload.

207 2473 300 2522 eum.
319 2453 376 2540 18,
394 2455 451 2539 19,
469 2454 520 2522 20
535 2451 572 2522 ire
588 2449 717 2522 Petrol.
737 2447 942 2546 CXCVII).

256 2579 388 2654 Eodem
406 2580 542 2652 interea
559 2601 652 2652 anno
672 2579 777 2673 1136,
795 2576 913 2651 obiere
928 2575 1034 2650 simul
1056 2576 1276 2650 beata-Jutta
1293 2584 1329 2650 et
1346 2575 1546 2651 Richardus
1562 2579 1762 2654 Disibodia-

209 2730 276 2781 nus
292 2707 411 2800 abbas,
438 2705 495 2780 cui
520 2704 685 2778 successit
702 2705 810 2798 Ceno,
829 2727 871 2778 ar
887 2703 991 2777 simul
1009 2703 1168 2778 unanimi
1190 2727 1346 2777 sororum
1370 2727 1552 2797 consensu,
1571 2707 1762 2805 Hildegar-

209 2835 263 2907 dis
283 2865 297 2900 o
318 2832 365 2907 sd
389 2832 597 2930 disciplinae
623 2854 807 2904 censuram
833 2854 938 2928 super
963 2855 1022 2904 eas
1047 2831 1279 2904 exercendem
1311 2831 1469 2928 eligitur,
1500 2857 1541 2906 ec
1567 2833 1650 2909 licet
1676 2839 1760 2910 totis

209 2961 381 3035 obnititur
415 2959 559 3054 viribus,
587 2958 725 3032 abbatis
751 2964 939 3055 praecepto
964 2963 999 3030 et
1024 2956 1197 3031 sodalium
1229 2969 1371 3030 suarum
1399 2957 1580 3051 instantis,
1608 2959 1760 3038 officium

213 3090 392 3188 prioratus
408 3087 525 3161 subire
543 3084 766 3184 compellitur
781 3087 830 3183 (p.
850 3087 946 3181 411).
971 3117 985 3152 ι

262 3216 339 3289 Vix
355 3223 471 3290 autem
490 3214 586 3288 oneri
604 3214 768 3288 humeros
792 3214 986 3312 supposuit,
1013 3195 1122 3310 q'uum
1151 3213 1305 3312 pondere
1328 3215 1504 3314 sisinnum
1531 3219 1677 3313 gravius
1702 3249 1765 3322 op·

218 3345 393 3444 primitur.
412 3347 458 3418 A.
478 3346 582 3437 1141,
601 3345 680 3442 ipsa
694 3343 1005 3441 relerente‘(sicuti
1022 3345 1060 3419 in
1077 3346 1237 3444 praefixa
1260 3345 1344 3420 huic
1370 3359 1463 3421 tomo
1490 3352 1622 3447 pagina
1647 3353 1765 3450 pingi-

218 3489 277 3548 tur
293 3473 577 3570 elegantissime):
608 3471 824 3547 «Maximae
840 3473 1091 3547 coruscationis
1116 3474 1257 3569 igneum
1285 3473 1418 3566 lumen,
1447 3486 1569 3573 aperto
1592 3480 1688 3555 coelo
1706 3507 1765 3555 re·

216 3601 327 3693 niens,
347 3610 458 3672 totum
474 3599 656 3672 cerebrum
675 3621 790 3671 meum
806 3599 1009 3695 transfudit3
1028 3608 1063 3674 et
1079 3606 1193 3674 toturn
1211 3625 1282 3694 cor,
1300 3611 1485 3698 totumque
1510 3614 1634 3701 pectus
1654 3632 1768 3684 meum

220 3730 486 3818 relutllamma,
506 3736 712 3802 nontamen
732 3729 869 3818 ardens,
890 3728 951 3801 sed
968 3727 1098 3823 calens,
1125 3729 1176 3802 its
1201 3729 1445 3822 inflammavit,
1473 3741 1513 3805 ut
1537 3734 1588 3806 eol
1612 3761 1684 3809 rem
1704 3741 1769 3813 sli-

220 3883 325 3957 quam
343 3857 517 3954 calefacit,
534 3880 760 3954 superquam
777 3855 990 3930 radiossuos
1012 3855 1121 3954 ponit.
1144 3857 1192 3930 Et
1217 3867 1360 3955 repente
1385 3859 1601 3934 intellectum
1628 3868 1767 3962 exposi-

220 3986 326 4060 tionis
343 3985 522 4074 librorum,
539 3984 704 4058 videlicet
722 3983 889 4081 psalterii,
909 3984 1085 4080 evangelii
1102 3993 1137 4058 et
1154 3985 1303 4059 aliorum
1329 3986 1583 4062 catholicorum
1609 4001 1681 4066 tam
1711 4021 1769 4070 re-

222 4126 269 4187 ter
278 4115 305 4187 is
322 4139 427 4210 quam
445 4116 528 4187 novi
545 4114 762 4188 Testamenti
780 4115 1000 4188 voluminum
1019 4113 1198 4212 sapiebam
1217 4117 1265 4211 (p.
1287 4118 1383 4204 504).
1410 4149 1423 4180 s

270 4247 374 4320 Teste
391 4254 508 4319 autem
525 4245 707 4338 Gniberto,
735 4271 806 4320 vox
832 4245 875 4318 de
900 4246 996 4318 coelo
1018 4247 1121 4343 jubet
1149 4277 1162 4310 o
1186 4271 1256 4319 non
1278 4247 1389 4320 solum
1416 4259 1456 4322 ut
1474 4252 1606 4348 audiet,
1634 4257 1692 4330 sed
1711 4283 1773 4334 au-

225 4380 299 4452 dito
323 4378 453 4474 scripto
479 4377 617 4450 referat.
644 4376 758 4449 Pavet
782 4400 824 4449 ac
848 4376 928 4449 silet
953 4375 1171 4473 aliquandiu;
1198 4378 1357 4473 virgineo
1374 4380 1490 4476 potius
1508 4383 1640 4479 pudore
1665 4411 1772 4484 quam

225 4505 460 4580 obstinatione
475 4503 554 4576 silet
572 4526 614 4576 sc
629 4502 836 4596 reluctatur,
852 4504 912 4576 sed
930 4503 964 4575 in
983 4503 1079 4578 lucta
1095 4505 1274 4598 sternitur,
1297 4506 1461 4604 doletque
1487 4509 1522 4580 in
1550 4512 1712 4588 medullis
1738 4529 1772 4592 et

225 4635 260 4707 iu
285 4633 385 4705 renis
410 4633 517 4705 totius
541 4633 668 4724 cornis,
696 4632 845 4705 multum
872 4632 1046 4730 passionis
1070 4631 1224 4706 dolorem
1251 4633 1429 4728 sufferens,
1459 4637 1494 4710 in
1522 4639 1635 4714 ruinis
1660 4646 1776 4720 cordis

223 4761 556 4860 ejuscircumsepta,
585 4784 629 4833 ne
655 4783 752 4834 mens
774 4761 884 4857 ipsius
909 4761 1116 4858 superbiret3
1144 4761 1339 4858 ceciditque
1365 4763 1402 4835 in
1430 4763 1556 4839 lectum
1584 4771 1777 4866 aegritudi-

226 4889 280 4961 nis
297 4887 471 4984 depressa,
490 4889 599 4961 donec
616 4910 758 4960 monum
777 4888 1060 4962 adscribendum
1079 4891 1292 4987 opposuerit,
1314 4916 1421 4988 quum
1437 4893 1675 4992 quadraginta
1692 4903 1778 4979 duo-

227 5043 505 5107 romannorum,
525 5019 585 5108 ait,
603 5026 638 5091 et
653 5025 786 5115 septem
805 5019 975 5092 meusium
994 5043 1102 5092 essem
1122 5023 1170 5118 (p.
1191 5023 1273 5111 413,
1293 5025 1391 5120 504).
1416 5054 1429 5090 s

276 5151 434 5223 Favente
453 5151 559 5245 igitur
575 5149 683 5223 nobili
702 5151 873 5222 sociarum
900 5151 1028 5248 puello,
1056 5152 1120 5248 ipsi
1141 5153 1288 5226 dictanti
1316 5162 1454 5228 estante
1474 5155 1661 5232 Wulmnro
1679 5187 1781 5260 pmc-
