3992 6092
711 531 830 580 arasa
858 532 957 579 virm
984 530 1217 578 nsnrroauu
1660 513 1702 574 57

187 631 313 724 equod
340 648 496 708 volumus
516 647 677 708 faciemus
696 667 725 710 ›.
750 649 789 709 Et
813 649 869 710 isti
895 649 1046 709 homines
1071 647 1111 708 ad
1138 649 1284 723 ineptam
1309 645 1471 704 laetitiam
1498 643 1686 719 hortantur,
1705 651 1738 704 et

183 753 236 811 eis
253 759 291 813 ut
307 753 527 814 constitutam
541 753 709 828 iustitIam
726 748 748 832 ¹)
767 759 992 829 contemnant,
1010 752 1223 828 persuadent.

911 960 1018 1020 cxxi.

699 1166 746 1228 De
767 1171 1032 1246 poenatneptae
1057 1169 1214 1228 laetitiam.

174 1431 175 1434 ,
226 1367 302 1432 lto.
327 1370 367 1432 Et
379 1371 450 1433 vidi
466 1371 622 1448 paludem
637 1387 778 1449 magnae
796 1373 995 1448 latitudiniS,
1009 1373 1050 1433 de
1066 1389 1131 1450 qua
1146 1373 1339 1434 teterrimus
1358 1372 1469 1433 tumus
1486 1373 1731 1449 egrediebatur,

180 1471 239 1550 qui
257 1488 294 1533 se
311 1469 429 1534 deinde
450 1490 554 1551 supra
569 1475 721 1536 eamdem
736 1475 892 1554 paludem
916 1477 1008 1538 velut
1024 1477 1146 1537 nebula
1169 1477 1387 1554 expandebat.
1406 1477 1443 1536 ln
1459 1475 1576 1536 eadem
1600 1492 1733 1554 quoque

178 1574 304 1648 palude
321 1576 500 1638 multitudo
517 1577 722 1641 minutorum
738 1579 903 1640 vermium
921 1580 1136 1641 scaturiebat.
1156 1581 1294 1640 Animae
1311 1585 1423 1639 autem
1441 1580 1638 1656 corporibus
1655 1597 1734 1640 exu-

181 1683 247 1742 tae.
266 1678 400 1739 illorum
417 1681 547 1741 scilicet
563 1681 622 1758 qui
640 1682 673 1742 in
691 1683 825 1744 saeculo
843 1683 884 1744 ad
902 1684 1047 1760 ineptam
1064 1684 1227 1744 laetitiam
1241 1700 1278 1744 se
1295 1684 1530 1759 dilataverant,
1546 1685 1579 1744 in
1595 1684 1658 1745 bac
1676 1702 1733 1762 pa-

179 1779 256 1840 lude
272 1786 378 1855 erant;
398 1781 445 1842 ita
460 1782 563 1842 etiam
579 1783 668 1860 quod
685 1799 704 1843 a
722 1783 813 1845 fumo
830 1785 903 1860 ejus
928 1784 1174 1861 affligebantur,
1193 1792 1226 1845 et
1242 1784 1330 1861 quod
1347 1802 1367 1845 a
1384 1786 1504 1845 nebula
1528 1786 1601 1861 ejus
1618 1788 1729 1863 oppri-

181 1882 369 1958 mebantur,
387 1890 420 1944 et
437 1884 525 1961 quod
542 1901 561 1945 a
577 1886 750 1946 vermibus
767 1887 858 1947 illius
875 1889 1128 1965 torquebantur.
1146 1888 1230 1960 Quia
1245 1888 1334 1947 enim
1352 1888 1498 1964 ineptam
1516 1888 1679 1948 laetitiam
1698 1888 1731 1974 in

177 1985 378 2062 corporibus
395 1987 479 2062 suis,
496 1986 576 2047 dum
594 1987 627 2047 in
643 1990 778 2049 saeculo
796 1989 951 2065 luissent,
976 1989 1174 2066 habuerant,
1194 1991 1226 2050 in
1250 1988 1370 2066 palude
1389 1989 1453 2049 ista
1478 1989 1727 2065 mergebantur;

177 2093 212 2147 et
228 2089 307 2164 quia
324 2090 432 2164 legem
447 2089 506 2150 Dei
522 2097 660 2168 propter
677 2093 768 2152 illam
784 2094 1009 2169 neglexerant,
1029 2093 1157 2155 furnum
1174 2093 1266 2155 illius
1282 2094 1507 2170 patiebantur;
1520 2101 1555 2152 et
1571 2095 1730 2170 quoniam

178 2191 385 2267 impietatem
402 2193 435 2252 in
451 2209 490 2253 ea
506 2194 701 2270 dilexerant,
720 2213 739 2255 a
755 2198 877 2257 nebula
900 2197 1006 2274 ipsius
1031 2197 1302 2272 obtenebrantur;
1321 2203 1354 2257 et
1378 2199 1536 2274 quoniam
1554 2199 1587 2258 in
1610 2198 1728 2259 eadem

178 2296 306 2356 laetitia
324 2297 455 2357 inutilia
470 2299 573 2360 verba
590 2301 810 2378 protulerant,
828 2317 847 2362 a
863 2301 1035 2362 vermibus
1051 2301 1125 2378 ejus
1137 2301 1365 2362 laedebantur.
1380 2300 1420 2361 Et
1436 2301 1517 2376 vidi,
1530 2306 1564 2360 et
1582 2300 1728 2362 intellexi

180 2399 275 2460 baec.
349 2413 353 2420 ·

891 2614 1012 2678 CXXII.

643 2821 691 2883 De
712 2825 921 2900 poenitentia
943 2825 1076 2900 ineptae
1102 2822 1260 2884 loetiliae.

222 3027 298 3091 tlt.
316 3028 356 3088 Et
372 3029 413 3090 de
430 3029 581 3107 praefata
596 3031 730 3090 vivente
747 3031 820 3090 luce
837 3047 953 3091 vocem
971 3032 1092 3091 iterum
1110 3031 1191 3091 mibi
1207 3030 1374 3092 dicentem
1391 3029 1514 3090 audivi:
1533 3029 1622 3091 Haec
1639 3045 1725 3108 quae

173 3131 282 3207 vides,
299 3148 380 3194 vera
397 3141 486 3210 sunt,
504 3140 538 3194 et
554 3140 591 3195 ut
607 3149 647 3195 ea
663 3135 770 3210 vides,
789 3113 835 3195 ita
852 3141 942 3210 sunt,
960 3141 994 3194 et
1010 3135 1108 3211 plura
1125 3140 1212 3194 sunt.

217 3235 280 3296 Sed
297 3234 460 3312 homines,
478 3239 536 3314 qui
554 3239 587 3299 in
603 3239 715 3315 inepta
733 3239 861 3299 laetitia
877 3239 1085 3315 delinquunt,
1101 3239 1130 3298 si
1148 3238 1314 3314 malignos
1332 3238 1485 3314 spiritus,
1499 3254 1557 3298 eos
1575 3239 1617 3299 ad
1634 3253 1723 3299 eam-

173 3339 251 3400 dem
268 3342 431 3402 laetitiam
444 3342 669 3419 exhortantes,
685 3358 857 3419 superare,
872 3349 906 3404 et
919 3343 1085 3420 supplicia
1100 3343 1173 3420 ejus
1190 3342 1336 3418 elingere
1349 3340 1564 3415 contendunt,
1579 3341 1722 3417 ilagellis

171 3459 211 3504 ac
225 3443 362 3520 iejuniis
384 3461 519 3506 carnem
535 3463 632 3508 suam
656 3447 899 3523 constringant,
918 3447 1102 3508 secundum
1126 3446 1214 3523 quod
1232 3446 1367 3506 modum
1390 3445 1521 3521 peccati
1537 3448 1571 3503 et
1588 3442 1723 3504 modum
1842 3435 1844 3440 ’

171 3545 238 3607 sibi
256 3547 480 3623 praesidentis
493 3548 617 3624 judicis
634 3549 667 3609 in
684 3565 721 3610 se
745 3549 923 3630 senserint.
940 3550 1056 3626 Inepta
1072 3550 1161 3608 enim
1185 3548 1315 3608 laetitia
1335 3547 1513 3606 veritatem
1534 3563 1599 3606 non
1615 3550 1717 3620 amat,

168 3653 205 3706 et
219 3663 316 3709 omne
340 3649 427 3726 quod
443 3666 519 3710 eam
542 3650 699 3726 delectat,
717 3652 857 3728 perficit.
875 3651 958 3713 Nam
982 3666 1121 3728 pravam
1136 3651 1344 3712 voluntatem
1365 3663 1461 3708 suam
1485 3648 1638 3709 nocivam
1654 3665 1720 3708 non

169 3766 247 3811 esse
270 3752 364 3829 dicit,
379 3759 414 3814 et
438 3755 472 3814 in
488 3755 647 3832 operibus
672 3756 744 3817 suis
760 3755 863 3817 Deum
888 3757 1006 3832 nescit,
1025 3772 1065 3816 ac
1082 3755 1229 3830 linguam
1246 3769 1342 3816 suam
1364 3758 1481 3815 contra
1496 3751 1600 3813 Deum
1617 3753 1718 3816 acuit.

874 3963 1011 4025 CXXIII.

642 4174 744 4237 Verba
764 4177 887 4254 psalmi
912 4177 952 4236 de
976 4177 1091 4253 inepto
1116 4174 1255 4234 laetitio.

215 4379 290 4443 tm.
305 4379 396 4442 Sicut
410 4381 649 4458 scriptumest:
668 4383 748 4445 Filii
765 4386 943 4459 homiaem,
961 4385 1077 4444 dentes
1094 4399 1209 4467 eorum
1226 4398 1321 4441 arma
1337 4385 1368 4440 et
1386 4381 1538 4458 sagittae,
1555 4385 1587 4438 et
1605 4379 1721 4456 lingua

168 4503 283 4546 eorum
297 4487 428 4564 gladius
452 4493 579 4548 acutas.
600 4483 625 4566 ²)
651 4487 743 4559 Quod
766 4489 869 4548 etlam
893 4487 943 4548 sic
968 4486 1219 4563 intelligendum
1243 4490 1305 4545 est.
1331 4483 1407 4543 Filii
1435 4483 1559 4558 carnia,
1585 4483 1643 4559 qui
1668 4498 1719 4542 se-

167 4588 312 4648 cundum
327 4605 462 4650 carnem
480 4590 513 4649 in
529 4590 677 4666 peccatis
693 4591 800 4652 exorti
818 4596 907 4666 sunt,
930 4591 1097 4668 quoddam
1113 4591 1359 4651 firmamentum
1377 4587 1410 4646 in
1427 4601 1527 4646 carne
1545 4603 1607 4647 sua
1623 4587 1716 4648 velut

165 4694 283 4754 dentes
301 4695 434 4771 babent,
453 4697 543 4772 quod
567 4696 692 4757 duritia
710 4702 825 4758 contra
841 4695 1044 4756 desiderium
1063 4695 1193 4755 animae
1209 4699 1272 4755 est.
1297 4693 1379 4752 Nam
1397 4692 1484 4751 sicut
1504 4691 1641 4768 quidam
1659 4689 1716 4749 bo-

166 4799 273 4858 mines
289 4805 407 4860 eontra
430 4801 516 4861 alios
533 4807 717 4876 armantur,
736 4818 775 4861 ne
792 4801 1020 4873 vulnerentur,
1040 4799 1085 4860 ita
1102 4814 1180 4858 caro
1206 4814 1281 4856 cum
1303 4795 1456 4873 squalida
1481 4795 1608 4854 laetitia
1626 4799 1716 4855 tena-

165 4905 250 4962 citer
266 4909 299 4963 et
324 4904 446 4979 injuste
471 4911 613 4980 armata,
630 4905 796 4966 voluntati
821 4919 860 4964 ac
877 4904 1025 4964 laetitiae
1049 4903 1180 4963 animae
1202 4901 1342 4976 resistit,
1368 4905 1401 4959 et
1425 4897 1588 4958 maledica
1612 4897 1716 4959 verba

165 5014 282 5069 contra
297 5006 402 5068 Deum
418 5025 458 5068 ac
475 5016 592 5070 eontra
609 5010 753 5070 salutem
770 5009 900 5070 animae
914 5023 994 5068 suae
1011 5007 1104 5068 velut
1116 5021 1301 5067 venenosas
1319 5004 1461 5079 sagittas
1475 5001 1611 5078 emittit,
1629 5017 1715 5078 quas

203 5157 224 5221 Ι)
236 5158 373 5212 loetttium
385 5156 417 5212 Α.
433 5187 467 5196 -
480 5157 503 5222 ²)
518 5155 562 5212 cs.
580 5153 654 5218 tvl.
669 5157 694 5210 5.
1602 5243 1621 5280 ι
