3998 6100
866 526 893 571 S.
918 526 1183 574 uruocsnnms

1003 747 1045 812 X.

749 958 953 1035 Responsum
978 959 1111 1020 diuinae
1136 961 1304 1020 uictoriae.

299 1163 351 1226 20.
368 1163 408 1224 Et
425 1163 545 1224 iterum
561 1162 603 1224 de
619 1164 769 1238 praefata
791 1166 924 1228 turbida
948 1167 1034 1228 nube
1059 1167 1172 1229 audivi
1196 1182 1313 1229 vocem
1337 1167 1416 1227 huic
1439 1167 1576 1245 imagini
1600 1165 1803 1242 responden-

252 1269 334 1328 tem:
355 1267 435 1329 v'l'u
452 1268 486 1328 in
501 1267 608 1343 primo
625 1284 738 1330 errore
755 1272 872 1331 contra
887 1270 991 1331 Deum
1009 1271 1186 1348 loquendo,
1204 1288 1318 1332 errare
1336 1273 1487 1348 coepisti,
1506 1274 1539 1333 et
1548 1271 1712 1349 iustitiam
1724 1269 1800 1328 imi-

255 1388 273 1428 »
292 1371 358 1432 tari
379 1371 529 1446 noluisti;
554 1375 588 1434 et
611 1373 699 1433 sicut
721 1373 756 1433 in
779 1374 955 1450 vagatione
972 1375 1041 1451 tua,
1059 1391 1135 1435 cum
1152 1375 1324 1436 tremendo
1342 1378 1477 1451 stupore
1494 1375 1678 1436 inexilium
1695 1372 1798 1447 ivisti,

254 1492 270 1532 s
288 1481 323 1535 et
339 1475 374 1535 in
388 1476 619 1536 vicissitudine
636 1476 761 1538 favoris
779 1477 945 1538 bominem
961 1476 1132 1553 decepisti.
1155 1479 1237 1540 Nam
1262 1476 1387 1540 nullam
1412 1479 1612 1554 probitatem
1637 1477 1741 1537 babes
1764 1475 1799 1534 in

256 1593 273 1636 a
292 1579 335 1639 te.
351 1578 419 1654 Ego
436 1583 546 1640 autem
563 1580 711 1656 gladium
729 1580 986 1642 fortissimarum
1003 1583 1166 1643 virtutum
1182 1581 1241 1642 Dei
1258 1582 1376 1658 babeo,
1393 1598 1468 1644 cum
1486 1599 1550 1659 quo
1568 1595 1699 1642 ornnem
1715 1579 1801 1654 inju-

256 1696 274 1739 s
293 1682 418 1742 stillam
435 1682 604 1760 abscindo,
622 1685 708 1745 unde
724 1685 824 1746 etiam
841 1700 916 1746 cum
933 1684 1049 1746 eodem
1067 1685 1178 1762 gladio
1194 1686 1385 1768 evaginato,
1411 1685 1445 1746 in
1468 1685 1603 1746 maxilla
1627 1687 1659 1744 te
1683 1697 1800 1758 percu-

256 1803 273 1844 »
292 1786 383 1846 tiam.
408 1787 458 1848 Me
482 1804 616 1865 quoque
632 1790 747 1850 contra
764 1791 797 1849 te
813 1788 992 1865 indurabo,
1011 1790 1090 1867 quia
1106 1790 1190 1851 cinis
1208 1791 1242 1852 in
1257 1790 1368 1851 cinere
1383 1805 1432 1866 es,
1450 1791 1484 1850 et
1499 1801 1729 1867 quaecumque
1743 1783 1801 1845 de·

255 1906 272 1948 s
291 1888 431 1965 siderea,
449 1893 483 1952 et
498 1909 584 1968 quae
600 1893 642 1953 ad
660 1894 691 1952 te
708 1892 856 1968 colligis,
876 1907 980 1967 parva
996 1895 1030 1954 et
1045 1909 1152 1970 pauca
1169 1895 1257 1957 sunt.
1273 1893 1355 1955 Nam
1372 1894 1475 1954 vitam
1500 1893 1534 1954 in
1557 1893 1667 1953 cinere
1681 1875 1802 1967 'jacen-

257 2010 273 2052 s
294 1995 360 2054 tem
384 1997 418 2056 et
433 2011 557 2056 vacuas
573 1996 673 2074 hujus
690 1997 816 2057 saeculi
832 1996 998 2058 vanitates
1015 1999 1103 2075 nolo,
1121 1998 1179 2059 sed
1196 1999 1238 2059 ad
1254 1999 1427 2059 salientem
1445 1997 1568 2058 iontem
1584 1997 1698 2057 venire
1714 1991 1801 2052 desi-

256 2114 272 2156 s
292 2097 382 2161 dero.
406 2097 474 2175 Ego
498 2101 585 2161 enim
603 2103 719 2162 contra
735 2102 908 2178 antiquum
926 2105 1113 2177 serpentem
1131 2118 1257 2179 pugno,
1273 2095 1297 2181 ¹)
1315 2105 1348 2164 et
1364 2102 1475 2163 omnia
1496 2099 1603 2175 spolia
1626 2098 1698 2174 ejus
1722 2109 1797 2155 cum

251 2219 273 2260 a
292 2205 450 2281 mysterio
475 2205 720 2282 Scripturarum
744 2207 803 2268 Dei
826 2206 982 2282 destruo,
1007 2207 1186 2284 inquibus
1210 2209 1326 2267 contra
1350 2207 1438 2267 bella
1458 2205 1646 2282 iaculorum
1669 2197 1799 2260 Diaboli

257 2322 273 2364 a
293 2321 424 2383 semper
440 2312 543 2386 certo,
562 2326 600 2372 ac
617 2312 716 2372 sicin
730 2327 811 2373 vero
828 2310 896 2371 Deo
913 2325 1046 2385 semper
1061 2310 1241 2372 manebo.»

300 2409 353 2473 ol.
371 2411 467 2474 Sexta
484 2417 595 2478 autem
612 2414 722 2492 imago
740 2414 859 2476 taciem
875 2413 1022 2474 bominis
1038 2413 1170 2489 babuit,
1188 2413 1326 2488 excepto
1342 2412 1431 2491 quod
1447 2429 1485 2474 os
1501 2411 1573 2489 ejus
1589 2412 1626 2476 ut
1649 2424 1686 2469 os
1710 2421 1802 2467 scor-

254 2516 363 2590 pionis
386 2519 470 2595 erat,
488 2521 522 2580 et
537 2519 625 2597 quod
641 2519 832 2595 albuginem
847 2517 1023 2579 oculorum
1039 2517 1146 2594 magis
1162 2533 1264 2593 quarn
1279 2517 1424 2592 pupillas
1440 2515 1635 2576 extorserat.
1659 2508 1801 2572 Brachia

254 2635 388 2696 quoque
412 2620 485 2698 eius
509 2624 657 2685 brachiis
682 2622 826 2682 bominis
842 2621 1131 2695 assimilabantur,
1149 2621 1207 2682 sed
1224 2635 1342 2682 manus
1358 2619 1431 2696 ejus
1449 2619 1606 2680 incurvae
1622 2617 1718 2678 erant
1733 2613 1804 2674 lon-

253 2723 305 2798 gis
321 2725 499 2800 unguibua;
517 2727 633 2802 pectus
650 2729 762 2788 autem
778 2728 812 2787 et
826 2727 979 2786 ventrem
995 2728 1029 2785 et
1044 2725 1180 2785 dorsum
1197 2727 1234 2785 ut
1250 2739 1370 2786 cancer
1386 2723 1546 2796 babebat;
1564 2719 1623 2780 sed
1638 2733 1739 2778 crura
1764 2717 1801 2775 ut

254 2827 395 2902 locusta,
420 2829 454 2888 et
476 2828 577 2903 pedes
602 2831 638 2890 ut
661 2829 787 2904 vipera.
803 2829 844 2890 Et
860 2829 960 2890 stanti
978 2833 1073 2889 rotae
1089 2827 1270 2889 molendini
1286 2827 1456 2902 implicata
1475 2824 1548 2900 luit,
1567 2825 1612 2883 ita
1628 2821 1717 2900 quod
1734 2834 1805 2878 rna-

253 2931 352 2992 nibus
369 2933 438 2993 suis
455 2934 644 3007 superiores
661 2933 772 2993 radios
789 2932 938 3010 ejusdem
955 2935 1048 2994 rotae
1064 2933 1212 3008 tenebat,
1230 2935 1264 2994 et
1280 2931 1369 3009 quod
1385 2930 1525 3006 pedibus
1542 2929 1611 2988 suis
1629 2940 1730 3000 supra
1755 2923 1803 2982 in-

253 3033 392 3096 feriores
410 3035 520 3096 radios
537 3037 658 3112 stabat;
676 3036 785 3096 crines
802 3040 913 3099 autem
931 3039 964 3098 in
980 3037 1089 3113 capite
1105 3054 1172 3098 non
1188 3036 1348 3110 babebat,
1368 3033 1425 3094 sed
1450 3035 1519 3095 toto
1545 3044 1685 3105 corpore
1709 3024 1797 3086 nuda

256 3135 330 3215 fuit,
347 3141 381 3200 et
396 3139 538 3200 multum
555 3139 665 3216 ignem
681 3140 773 3200 velut
791 3139 917 3202 faculas
934 3157 974 3201 ex
991 3156 1049 3202 ore
1066 3157 1126 3202 suo
1144 3139 1265 3202 emisit.
1281 3138 1322 3200 Et
1338 3137 1430 3198 dixit:

999 3346 1056 3410 XI.

932 3556 1032 3620 Verba
1054 3559 1135 3619 irae.

300 3766 353 3828 Ὦ.
373 3766 467 3843 «Ego
485 3769 643 3830 conculco
658 3772 692 3830 et
708 3771 882 3845 prosterno
899 3783 995 3829 omne
1012 3767 1100 3845 quod
1118 3766 1200 3828 mibi
1218 3766 1374 3844 injuriam
1390 3729 1499 3826 infert.
1518 3762 1625 3833 Quare
1643 3758 1799 3837 injuriam

258 3885 275 3926 s
294 3871 510 3933 sustinerem?
525 3873 618 3945 Quod
635 3873 776 3950 quilibet
790 3871 864 3934 vult
879 3889 920 3934 ne
937 3873 1001 3933 sibi
1017 3871 1171 3947 inieram,
1190 3870 1253 3931 hoc
1269 3872 1371 3932 etiam
1388 3867 1470 3928 mibi
1493 3882 1559 3937 non
1583 3865 1693 3926 faciat.
1717 3862 1799 3924 Nam

249 3990 274 4030 -»
293 3974 403 4049 gladio
421 3978 569 4052 vulnero,
588 3978 622 4039 et
639 3976 783 4040 fustibus
799 3977 913 4054 caedo,
932 3993 1008 4038 cum
1025 3977 1148 4054 aliquis
1165 3975 1322 4053 injuriam
1339 3972 1421 4036 mibi
1440 3970 1592 4032 iecerit.»

992 4180 1065 4246 xil.

820 4395 1027 4472 Responsum
1047 4395 1242 4473 patientiae.

303 4601 356 4660 23.
374 4599 413 4661 Et
430 4601 549 4660 iterum
566 4601 608 4662 de
623 4601 773 4675 praelata
790 4603 923 4664 turbida
940 4603 1027 4664 nube
1043 4617 1158 4664 vocem
1176 4601 1254 4664 huic
1278 4600 1414 4677 imagini
1432 4596 1685 4674 respondentem
1708 4596 1802 4660 audi·

259 4703 303 4764 vi:
324 4703 422 4780 «Ego
446 4704 479 4763 in
504 4697 681 4766 altissimis?
701 4705 807 4783 sonui,
832 4709 866 4768 et
890 4709 1013 4768 terram
1037 4707 1144 4784 tetigi,
1169 4722 1210 4767 ac
1232 4706 1273 4767 de
1297 4707 1386 4766 terra
1409 4705 1447 4766 ut
1469 4703 1654 4765 balsamum
1672 4703 1800 4764 sudavi.

261 4826 278 4868 s
297 4809 345 4869 Tu
367 4824 448 4869 vero
474 4808 683 4871 fraudulenta
706 4827 754 4887 es,
779 4815 812 4872 ct
836 4812 1029 4888 sanguinem
1049 4812 1149 4889 bibis,
1168 4823 1207 4872 ac
1224 4825 1355 4885 semper
1370 4809 1483 4886 aquila
1498 4823 1544 4870 es.
1561 4805 1586 4887 ²)
1603 4807 1671 4883 Ego
1688 4810 1800 4869 autern

262 4929 279 4969 s
297 4913 405 4973 omnis
429 4912 608 4975 viriditatis
625 4915 737 4976 suavis
755 4931 812 4976 aar
829 4932 914 4991 sum,
932 4915 1030 4978 liores
1046 4918 1080 4977 et
1095 4932 1193 4991 poma
1209 4915 1358 4976 omnium
1372 4913 1535 4974 virtulum
1551 4912 1750 4986 producens,
1767 4911 1802 4971 et

261 5031 278 5074 a
297 5033 336 5076 ea
360 5015 395 5076 in
415 5018 580 5079 mentibus
597 5013 766 5080 hominum
784 5021 924 5082 firmiter
940 5021 1132 5082 aedificans:
1151 5021 1197 5082 ita
1213 5019 1300 5097 quod
1317 5035 1414 5080 omne
1429 5017 1518 5095 quod
1533 5010 1558 5094 3)
1577 5016 1709 5092 incipio,
1727 5029 1802 5090 per-

297 5169 317 5238 'l
328 5177 467 5247 pugnabo,
481 5185 571 5238 omnia
583 5182 629 5240 W.
645 5215 679 5225 -
691 5184 713 5254 ²)
726 5183 762 5242 ci.
779 5202 805 5258 p.
824 5189 866 5249 lt.
881 5190 939 5242 nol.
957 5190 983 5249 3,
997 5185 1031 5242 de
1045 5185 1186 5257 Aquilam.
1203 5215 1236 5226 -
1249 5183 1271 5254 ³)
1283 5199 1359 5242 omne
1371 5181 1444 5254 qnod
1456 5194 1510 5239 om.
1524 5176 1559 5238 A.
