3992 6092
667 598 696 646 11
726 598 846 646 mnas
874 597 974 644 vrrs
1003 595 1236 642 usnrronun
1649 575 1689 635 77

176 719 278 782 etiam
303 717 439 780 eosdem
460 718 612 779 homines
630 717 761 778 inflatos
778 717 896 777 reddit.
914 717 975 776 Isti
992 721 1104 775 autem
1121 731 1241 774 nomen
1256 712 1316 773 Dei
1333 729 1369 773 se
1385 712 1574 788 glorificare
1591 710 1720 786 putant,

178 824 236 884 sed
253 825 357 884 Deum
376 824 541 897 nesciunt;
559 824 592 882 et
608 820 712 881 Deum
728 819 853 882 habere
869 820 996 894 volunt,
1014 835 1089 878 cum
1107 817 1212 879 Deum
1229 834 1294 877 non
1309 817 1463 876 habeant.
1480 815 1520 876 nt
1536 815 1610 875 ideo
1626 814 1723 872 velus

175 931 210 988 et
233 942 321 986 nova
345 927 410 986 Lex
434 926 561 986 homini
584 925 681 986 datae
702 927 791 1000 sunt,
817 929 981 1000 quatenus
1004 922 1103 983 homo
1120 921 1284 982 credendo
1300 923 1334 982 et
1350 920 1492 980 videndo
1511 934 1550 979 ac
1567 915 1718 988 colendo,

173 1028 277 1090 Deum
302 1032 492 1104 cognoscat.
517 1029 554 1088 In
578 1028 630 1088 his
654 1028 742 1088 enim
764 1027 895 1088 duabus
919 1027 1072 1104 partibus
1097 1025 1278 1102 prudentes
1302 1023 1493 1101 philosophi
1518 1019 1718 1097 sapientiam

176 1131 373 1206 hauserunt,
391 1147 452 1191 nec
468 1146 550 1192 vasa
566 1148 628 1192 sua
644 1146 721 1193 cum
737 1131 795 1191 illa
812 1131 950 1206 implere
966 1131 1154 1204 cessabant,
1172 1128 1261 1206 quod
1278 1128 1345 1189 Deo
1361 1127 1460 1187 valde
1477 1125 1614 1203 placuit,
1633 1123 1721 1184 siout

175 1236 279 1294 etiam
295 1235 408 1296 omnia
419 1250 506 1312 quae
523 1232 660 1310 fecerat,
679 1234 744 1294 sibi
759 1235 967 1310 placuerunt.
982 1233 1072 1294 Unde
1087 1234 1191 1293 etiam
1207 1247 1348 1307 magnus
1365 1233 1418 1291 est
1432 1228 1593 1290 Dominus
1611 1227 1645 1288 in
1661 1227 1722 1288 mi·

174 1340 300 1400 reculis
324 1339 407 1414 suis,
434 1355 574 1414 magnus
598 1354 732 1415 quoque
749 1339 783 1398 in
799 1337 954 1414 supernis
973 1337 1166 1412 virtutibus,
1185 1338 1219 1395 et
1236 1335 1362 1395 faciens
1379 1333 1558 1408 mirabilia,
1576 1330 1635 1393 ubi
1651 1347 1721 1391 rna·

174 1443 286 1518 gualia
310 1443 421 1520 operis
438 1443 490 1502 sui
507 1443 542 1502 in
558 1457 680 1517 magna
695 1441 942 1528 pulchritudine
959 1440 1096 1518 fulgent.
1114 1441 1195 1500 Nam
1212 1439 1300 1500 Deus
1316 1439 1384 1499 Noe
1400 1453 1514 1499 arcam
1531 1437 1656 1497 intrare
1674 1435 1720 1496 fe-

174 1546 231 1621 cit,
250 1544 404 1606 Abrahae
424 1546 569 1622 plurima
585 1545 672 1606 bona
689 1545 846 1620 ostendit,
860 1545 965 1620 Moysi
980 1560 1114 1621 quoque
1131 1542 1251 1620 Legem
1268 1543 1370 1618 dedit,
1389 1543 1423 1602 in
1438 1542 1522 1604 Filio
1539 1540 1641 1600 etiam
1658 1555 1720 1599 suo

174 1650 350 1710 credentes
373 1649 537 1710 advitam
554 1648 694 1709 reduxit:
716 1664 802 1724 quae
819 1649 930 1710 omnia
947 1663 1067 1724 magna
1082 1647 1250 1708 mirabilia
1268 1651 1357 1720 sunt,
1377 1646 1424 1706 ita
1440 1643 1529 1723 quod
1546 1641 1661 1704 fideles
1678 1655 1719 1702 ea

176 1768 254 1813 cum
277 1749 454 1814 devotione
478 1769 611 1828 semper
635 1753 815 1827 ruminant,
840 1757 875 1812 et
897 1752 987 1828 quod
1011 1767 1151 1827 magnas
1174 1748 1421 1828 profunditates
1438 1747 1472 1807 in
1488 1748 1539 1807 eis
1555 1751 1720 1823 quaerere

171 1871 238 1916 non
262 1858 409 1932 cessant;
435 1857 592 1932 quoniam
617 1873 637 1915 a
652 1855 720 1916 Deo
736 1859 986 1932 processerunt,
1005 1863 1038 1916 et
1054 1857 1113 1932 qui
1130 1855 1213 1916 haec
1231 1855 1321 1928 fecit,
1342 1858 1396 1914 est
1412 1852 1501 1912 Deus
1517 1850 1622 1923 solus,
1640 1848 1721 1925 quia

172 1959 285 2019 omnia
309 1959 397 2020 bona
420 1959 462 2021 ab
486 1961 559 2037 ipso
576 1960 742 2034 oriuntur,
759 1966 793 2019 et
809 1959 850 2020 ad
867 1960 978 2035 ipsum
995 1961 1222 2032 revertuntur;
1241 1958 1400 2035 quoniam
1418 1972 1494 2016 oum
1511 1954 1598 2015 Deus
1614 1949 1720 2012 homi-

173 2077 249 2122 nem
274 2062 414 2137 creavit,
440 2069 477 2123 ut
494 2065 600 2126 rotam
619 2064 653 2124 in
670 2063 791 2138 spiritu
808 2064 897 2124 vitae
913 2078 989 2124 eum
1006 2063 1150 2124 circuire
1168 2062 1259 2138 fecit,
1276 2061 1363 2122 unde
1379 2061 1481 2121 etiam
1499 2057 1539 2119 ad
1555 2070 1632 2118 eum
1648 2068 1722 2116 sae-

172 2166 312 2240 pissime
329 2167 484 2228 recurrit.

865 2375 1035 2440 XXXIIII.

380 2587 470 2660 Quod
483 2589 627 2665 plurimi
643 2593 720 2649 ante
740 2591 859 2666 Legem
875 2591 912 2648 in
931 2589 1015 2666 Lege
1032 2594 1063 2648 et
1080 2591 1117 2647 in
1133 2587 1292 2666 baptismo
1307 2586 1393 2648 beati
1410 2591 1497 2647 sunt.

212 2795 266 2856 43.
293 2795 386 2867 Quod
407 2801 519 2857 autem
537 2797 633 2857 vides
650 2797 740 2874 quod
757 2798 929 2872 praedicta
947 2797 1089 2857 candida
1105 2797 1222 2870 nubes,
1241 2796 1275 2856 in
1291 2812 1358 2873 qua
1375 2795 1461 2856 idem
1478 2796 1531 2855 vir
1548 2793 1589 2856 ab
1607 2794 1721 2855 bume-

169 2898 216 2959 ris
240 2899 415 2974 usquead
440 2899 568 2960 femora
594 2917 655 2961 sua
679 2904 743 2976 est,
768 2901 868 2977 plena
890 2901 1079 2961 animarum
1100 2899 1268 2977 justorum
1293 2905 1358 2976 est,
1381 2898 1445 2960 hoc
1460 2900 1614 2975 designat
1629 2898 1719 2976 quod

167 3001 293 3062 candor
316 3003 556 3063 miraculorum
578 3003 649 3078 Dei,
675 3004 755 3080 quia
773 3003 968 3064 fortitudine
985 3003 1141 3080 principii
1158 3003 1409 3078 exsurgentium
1425 3005 1656 3063 creaturarum
1674 3001 1717 3061 ad

167 3105 433 3166 incarnationem
458 3105 641 3167 Salvatoris
665 3107 837 3169 hominum
862 3106 1062 3184 extenditur,
1085 3109 1143 3184 qui
1159 3107 1260 3166 etiam
1278 3123 1365 3167 nuno
1386 3108 1420 3167 in
1435 3106 1551 3168 eadem
1569 3107 1721 3167 incarne-

168 3209 271 3269 tionis
294 3207 402 3285 gloria
425 3215 575 3286 apparet,
602 3211 849 3271 multitudinem
874 3211 1062 3272 animarum
1084 3211 1152 3271 Deo
1171 3211 1390 3274 servientium
1408 3212 1442 3271 in
1457 3225 1494 3270 se
1510 3208 1621 3283 habet,
1639 3206 1719 3283 quia

165 3311 306 3390 plurimi
329 3314 405 3372 ante
428 3312 562 3388 Legem,
580 3314 784 3390 plurimique
800 3314 834 3374 in
850 3313 940 3390 Lege
960 3313 1104 3390 fuerunt,
1122 3315 1325 3394 plurimique
1342 3316 1376 3376 in
1392 3314 1558 3390 baptismo
1574 3309 1718 3389 praesti-

168 3417 296 3489 terunt,
329 3415 387 3492 qui
415 3431 476 3492 per
499 3415 761 3494 redemptionem
785 3417 935 3494 ejusdem
961 3419 1036 3479 Filii
1060 3418 1120 3480 Dei
1143 3435 1323 3497 supernam
1347 3416 1589 3481 beatitudinem
1605 3415 1718 3491 adepti

166 3521 254 3593 sunt3
281 3519 327 3578 ita
352 3517 442 3594 quod
465 3535 552 3579 nunc
577 3519 611 3580 in
635 3521 807 3582 mansione
833 3522 891 3581 illa
915 3522 1071 3598 gaudent,
1089 3538 1191 3599 quam
1206 3522 1296 3584 Deus
1313 3523 1355 3583 ab
1372 3522 1466 3583 initio
1483 3520 1610 3582 saeculi
1629 3518 1714 3595 ipsis

166 3620 370 3698 providerat.
395 3621 478 3682 Nam
502 3622 617 3683 fideles
642 3622 795 3684 homines
818 3639 879 3702 per
901 3624 1013 3686 fidelia
1029 3641 1131 3701 opera
1148 3627 1182 3686 in
1199 3625 1392 3687 habitaculo
1411 3623 1631 3686 beatitudinis
1648 3621 1720 3681 ani-

166 3723 288 3785 mabus
312 3725 385 3784 suis
408 3726 557 3802 requiem
582 3729 712 3802 parant,
738 3728 773 3787 in
792 3743 858 3804 qua
874 3731 951 3804 post
967 3735 1232 3790 consummatam
1255 3730 1359 3791 vitam
1380 3728 1491 3788 carnis
1508 3726 1651 3786 feliciter
1667 3739 1720 3784 re-

170 3827 359 3906 quiescunt.
372 3827 464 3889 Unde
476 3830 577 3890 etiam
595 3830 629 3891 in
641 3830 757 3892 eadem
773 3831 980 3892 beatitudine
995 3829 1032 3912 ¹),
1050 3831 1146 3893 audis
1163 3849 1279 3892 vocem
1296 3833 1338 3894 ab
1354 3832 1505 3909 angelica
1521 3827 1719 3890 celsitudine

166 3930 413 4007 procedentem,
432 3935 469 3994 ut
485 3933 623 3995 laudent
645 3937 766 3996 cuncta
783 3937 965 4011 regentem,
983 3938 1017 3998 et
1040 3939 1077 3997 ut
1093 3936 1280 4012 glorificent
1296 3937 1330 3998 in
1347 3937 1481 3998 saecula
1505 3933 1717 3996 saeculorum

167 4037 348 4097 viventem.
372 4035 413 4096 Et
430 4037 479 4096 sio
502 4037 633 4098 animae
657 4039 850 4100 eorumdem
864 4039 1033 4116 J‘ustorum
1058 4041 1092 4101 in
1108 4041 1231 4117 gaudio
1256 4040 1442 4115 elevantur,
1468 4055 1508 4100 ac
1523 4039 1559 4100 in
1580 4037 1651 4098 vita
1674 4036 1717 4097 ad

167 4139 273 4202 vitam
296 4139 492 4216 procedunt,
509 4136 535 4220 ²)
560 4157 622 4202 neo
638 4142 681 4202 ab
704 4141 765 4202 illa
789 4143 958 4220 recedunt,
984 4145 1142 4221 quoniam
1168 4145 1203 4206 in
1225 4161 1265 4204 ea
1282 4143 1523 4205 aeternitaliter
1546 4154 1718 4218 permane·

165 4245 260 4318 bunt;
275 4243 363 4304 sicut
375 4246 409 4304 et
421 4247 514 4304 rotae
527 4245 628 4320 vitae,
642 4244 858 4307 Divinitatem
879 4247 1119 4324 significantes,
1139 4249 1173 4309 in
1189 4251 1288 4309 eunte
1305 4247 1441 4324 Spiritu,
1460 4245 1606 4322 quisine
1622 4259 1718 4304 mora

169 4347 373 4423 baptismum
388 4347 586 4424 sanctificat,
597 4349 638 4408 ad
650 4348 872 4411 eruditionem
884 4352 918 4412 et
930 4350 972 4412 ad
988 4352 1257 4414 emundationem
1271 4352 1441 4414 hominum
1454 4349 1591 4422 vadunt,
1602 4363 1663 4408 nec
1676 4348 1718 4408 ab

170 4449 228 4509 illa
245 4449 435 4524 cessabunt,
453 4449 532 4525 quia
545 4451 612 4511 alia
627 4451 779 4513 doctrina
792 4469 877 4530 quae
894 4453 1046 4516 homines
1059 4455 1101 4517 ad
1117 4456 1221 4517 vitam
1235 4456 1406 4531 perducat,
1425 4471 1491 4514 non
1503 4452 1715 4528 producetur.

169 4553 259 4614 Istae
272 4553 360 4613 enim
374 4553 517 4628 animae,
532 4553 610 4614 dum
628 4557 661 4616 in
674 4557 872 4631 corporibus
886 4559 957 4618 suis
970 4562 1092 4635 essent,
1112 4558 1200 4620 idola
1215 4559 1380 4636 fugerant,
1394 4560 1428 4619 et
1440 4559 1609 4634 regionem
1623 4569 1718 4616 suam

170 4672 248 4717 cum
265 4655 432 4718 Abraham
457 4657 618 4732 exierant,
637 4675 676 4718 ac
691 4659 802 4720 officia
827 4660 886 4720 illa
901 4677 987 4738 quae
1005 4663 1039 4722 in
1052 4663 1195 4724 terrenis
1211 4665 1301 4724 curis
1319 4663 1487 4725 habebant
1503 4660 1718 4737 reliquerant,

169 4761 203 4821 et
227 4760 276 4820 sic
292 4760 326 4820 in
351 4761 512 4836 ignoratis
537 4762 638 4822 terris
662 4764 756 4823 velut
778 4767 909 4826 exsules
932 4781 993 4842 per
1009 4768 1154 4842 suspiria
1177 4774 1284 4844 erant,
1309 4769 1367 4830 ubi
1392 4768 1425 4828 in
1448 4763 1635 4842 praeceptis
1657 4760 1717 4822 liei

171 4865 302 4938 euntes,
320 4863 442 4924 merita
458 4879 520 4925 sua
535 4864 731 4940 dilatabant,
749 4883 808 4942 per
825 4883 911 4945 quae
928 4871 1074 4946 plurima
1090 4872 1240 4946 praemia
1257 4888 1344 4932 nuno
1361 4870 1535 4945 recipiunt.

208 5061 229 5128 ¹)
251 5062 437 5120 Bectitudtm'r
451 5065 496 5120 W.
521 5097 547 5108 -
560 5068 583 5132 2)
602 5069 640 5123 ad
654 5071 739 5124 vitam
748 5071 902 5142 perducant
913 5071 957 5128 W.
