3992 6092
735 511 855 584 mess
883 535 983 582 vm
1011 533 1245 582 veneronum
1685 518 1723 578 61

219 655 309 718 cium
329 657 440 736 ponit,
458 661 489 716 ct
507 657 672 718 horuiuem
690 657 863 717 interdum
880 657 961 716 occi·
1058 653 1174 714 LXXV.
1205 655 1287 714 Item
1317 656 1352 713 in
1381 635 1504 712 Genesi
1528 652 1571 712 ad
1598 651 1749 710 eamdem

218 761 280 834 det,
292 764 345 820 cui
358 767 389 820 et
397 761 605 839 defensorem
618 779 651 820 se
665 778 733 820 esse
746 760 959 836 repromittit.
1013 775 1094 817 rem.

264 864 387 924 LXIIII.
413 865 499 924 Item
523 865 563 924 de
587 863 783 942 quibusdam
804 868 961 942 purpato·
1058 861 1189 922 LXXVI.
1215 862 1300 921 Item
1317 861 1357 920 de
1377 859 1571 938 quibusdam
1593 865 1749 937 pnrpato-

216 970 278 1028 riis
292 971 408 1046 poenis
420 972 611 1030 animarum
624 969 842 1048 quorumdam
855 971 960 1030 homi·
1011 969 1072 1028 riis
1101 969 1218 1045 poenis
1249 968 1440 1026 animarum
1470 963 1643 1025 bominum
1673 961 1749 1022 iilo-

216 1091 321 1144 num,
345 1076 402 1151 qai
425 1077 462 1135 in
485 1075 616 1135 saeculo
631 1077 668 1134 in
690 1074 861 1152 impietate
881 1090 959 1150 pec-
1011 1090 1101 1144 rum,
1129 1075 1187 1151 qui
1210 1091 1244 1132 se
1267 1072 1305 1132 in
1333 1067 1532 1146 infelicitate
1556 1073 1650 1128 natos
1677 1083 1746 1126 csse

217 1183 371 1236 caverant
376 1183 429 1248 ,et
443 1196 504 1238 cur
515 1197 570 1238 eas
582 1181 640 1240 hoc
651 1179 745 1238 modo
758 1179 954 1237 sustineant.
1009 1179 1297 1248 existimaverant,
1321 1185 1353 1235 et
1377 1177 1413 1234 in
1434 1177 1491 1235 ltoc
1512 1174 1745 1250 peccaverant,

260 1283 349 1347 LXV.
369 1285 532 1360 mamaea
548 1290 696 1348 homines
709 1307 773 1365 per
783 1287 956 1364 poeniten-
1008 1289 1040 1342 et
1056 1301 1158 1359 quare
1176 1299 1231 1341 eas
1247 1283 1294 1342 stc
1306 1280 1494 1360 patiantur.

216 1389 299 1448 tiam
314 1391 426 1466 ipsum
439 1398 615 1469 peccatum
631 1394 668 1451 in
685 1409 718 1451 se
735 1390 878 1450 deleant.
898 1413 900 1418 ·
1008 1388 1156 1450 LXXVII.
1183 1387 1333 1462 Qualiter
1349 1387 1496 1448 hornines
1520 1381 1610 1443 idem
1630 1395 1746 1456 pecca·

260 1491 365 1554 LXVI.
392 1494 484 1568 Quod
511 1497 690 1573 impietas,
715 1497 867 1554 timorem
893 1491 955 1552 Dei
1007 1499 1078 1552 tum
1098 1491 1301 1571 poenitendo
1323 1493 1360 1552 in
1384 1487 1572 1568 corporibus
1596 1486 1664 1544 suis
1688 1483 1744 1544 de-

212 1595 349 1671 notens,
378 1598 628 1660 maledictiones
659 1601 696 1659 in
739 1597 951 1674 molipnitate
1009 1598 1113 1657 leant.
1567 1669 1569 1674 Ι

210 1703 352 1780 Ilt‘llert.
1051 1703 1214 1764 LXXVIII.
1245 1701 1336 1775 Quod
1363 1701 1416 1760 illi
1442 1699 1500 1777 qui
1528 1716 1561 1756 se
1590 1698 1626 1756 in
1653 1695 1742 1754 molo

258 1805 379 1867 LXVII.
397 1808 503 1869 David
519 1809 562 1868 ad
577 1810 727 1869 eamdem
744 1827 825 1870 rem.
1004 1815 1130 1868 creatos
1155 1827 1223 1869 esse
1249 1809 1458 1875 existimant,
1483 1806 1634 1882 peccant,
1663 1817 1743 1880 quo-

259 1907 394 1972 LXVIII.
413 1914 499 1974 Item
515 1917 555 1975 de
579 1915 774 1995 quibusdam
794 1917 951 1992 purpato-
1004 1920 1096 1977 niam
1112 1923 1237 1977 natura
1252 1916 1395 1977 hominis
1411 1912 1494 1972 bona
1510 1917 1569 1970 est.

210 2015 272 2072 riis
292 2020 408 2092 poeuis
432 2021 625 2080 animorum
651 2019 872 2097 quorumdam
896 2021 950 2078 Ito-
1049 2021 1228 2083 LXXVIIII.
1247 2021 1332 2081 Item
1349 2021 1389 2081 de
1405 2018 1600 2098 quibasdam
1618 2032 1743 2093 purpo-

208 2121 351 2197 minum,
368 2125 426 2200 qui
449 2126 486 2182 in
502 2123 640 2200 fallacia
664 2125 735 2183 sine
752 2119 948 2196 juramento
1002 2127 1096 2186 toriis
1116 2127 1234 2204 poenis
1258 2128 1450 2186 animarum
1473 2125 1644 2185 hominum
1667 2121 1743 2182 illo-

209 2233 241 2285 et
259 2246 334 2288 cum
349 2224 543 2301 juramento
559 2233 793 2309 peccaverant,
811 2233 843 2286 et
868 2243 948 2303 quo·
1001 2247 1091 2301 rum,
1104 2231 1161 2308 qui
1173 2233 1211 2291 in
1227 2231 1498 2290 immoderatione
1507 2231 1740 2306 peccaverant,

209 2349 247 2390 re
265 2333 398 2392 easdem
414 2337 462 2396 ita
474 2339 663 2414 patiantur.
1001 2339 1032 2393 et
1051 2352 1153 2412 quare
1171 2353 1225 2396 eas
1242 2337 1299 2396 hoc
1312 2335 1407 2396 modo
1423 2336 1621 2395 sustineant.

254 2433 405 2498 LXVIIII.
433 2439 584 2512 Qualiter
600 2443 747 2502 homines
769 2439 858 2499 idem
871 2457 949 2516 pec-
1046 2436 1165 2498 LXXX.
1197 2439 1360 2513 Quomodo
1388 2437 1476 2499 idem
1501 2441 1675 2514 peccatum
1702 2436 1739 2495 in

207 2544 334 2611 catum,
360 2546 427 2601 tam
444 2547 516 2605 sine
531 2544 727 2622 juramento
750 2562 850 2621 quam
874 2559 949 2604 cum
1002 2541 1191 2623 corporibus
1208 2546 1276 2604 suis
1293 2546 1441 2605 homines
1463 2542 1663 2621 poenitendo
1675 2559 1739 2618 pu-

197 2639 395 2716 juramento
418 2656 665 2727 perpetratum,
694 2651 732 2709 in
757 2646 945 2726 corporibus
1001 2649 1109 2708 uiant.

205 2749 276 2806 suis
289 2753 491 2825 poenitendo
507 2755 652 2815 deleant.
712 2795 715 2802 »
1047 2749 1179 2812 LXXXI.
1207 2751 1299 2824 Quod
1315 2745 1545 2812 immoderatio
1565 2753 1603 2811 in
1619 2751 1738 2810 nimie-

252 2851 342 2913 LXX.
372 2854 524 2919 Fallacia
549 2862 682 2920 veritati
710 2877 777 2920 aaa
806 2878 946 2938 aaapaa
998 2860 1065 2914 tate
1089 2873 1158 2915 esse
1175 2854 1301 2928 volens,
1327 2857 1411 2916 sicut
1428 2855 1541 2933 pulvis
1557 2838 1738 2932 'dissipabi-

207 2957 303 3029 dens,
327 2962 502 3023 mendaces
525 2966 575 3024 ita
597 2965 780 3026 mendaciis
807 2959 943 3026 involvit
999 2964 1066 3020 lut·

204 3063 291 3140 quad
306 3064 349 3124 ad
364 3067 510 3128 nihilum
526 3048 786 3146 deputabuntur.
1043 3065 1191 3127 LXXXII.
1216 3068 1303 3127 Item
1330 3067 1370 3126 de
1391 3067 1582 3146 perditione
1609 3069 1737 3129 anima-

251 3165 357 3246 LXXI.
375 3171 461 3230 Item
478 3173 518 3232 de
535 3172 731 3250 quibusdam
740 3177 943 3252 purpatoriis
997 3187 1074 3227 rum
1090 3172 1261 3230 liminum
1278 3171 1413 3231 illorum
1437 3173 1495 3248 qui
1512 3171 1633 3242 Deum,
1658 3188 1738 3248 Μ·

200 3272 320 3346 poenis
333 3274 524 3368 animarum
535 3278 870 3352 hominumiliorum,
884 3283 944 3360 qui
998 3280 1027 3342 si
1054 3278 1143 3340 Deus
1170 3297 1238 3340 non
1261 3286 1359 3354 esset,
1381 3297 1444 3360 pro
1468 3284 1657 3358 contemptu
1680 3281 1737 3339 lia·

205 3376 243 3433 in
267 3381 475 3439 contentione
498 3387 530 3441 et
554 3400 630 3444 cum
652 3381 803 3460 operibus
831 3390 862 3445 et
892 3385 945 3447 ab·
997 3381 1153 3456 buerant,
1171 3390 1202 3446 et
1220 3389 1268 3447 ito
1283 3388 1320 3447 in
1340 3387 1566 3464 perditionem
1582 3404 1615 3446 se
1638 3386 1736 3444 mise-

205 3497 285 3556 sque
309 3482 459 3558 operibus
483 3487 520 3546 in
535 3485 641 3546 verbis
664 3486 893 3568 deliquerunt,
912 3500 943 3552 et
996 3494 1089 3558 tani,
1107 3495 1138 3549 el
1155 3509 1215 3550 cut
1231 3492 1289 3551 7200
1306 3493 1360 3550 ill·

205 3601 266 3642 cur
281 3585 414 3647 easdem
430 3591 476 3648 sic
494 3591 691 3652 sustineant.
1041 3594 1205 3658 LXXXIII.
1240 3597 1403 3670 Quomom
1426 3598 1574 3659 homiues
1602 3592 1736 3656 Diabolo

254 3687 375 3751 LXXII.
403 3691 565 3764 Quomodo
581 3696 729 3756 honines
743 3701 944 3774 poenitendo
996 3707 1028 3761 et
1042 3703 1229 3780 perditioni
1246 3723 1279 3764 se
1296 3705 1454 3782 eripiant.

203 3793 294 3852 idem
306 3803 480 3872 peccatum
496 3803 565 3857 tam
581 3799 732 3876 operibus
756 3821 856 3880 quam
871 3823 944 3866 ver·
1040 3807 1221 3869 LXXXIIII.
1248 3810 1340 3883 Quod
1367 3827 1442 3871 eum
1468 3806 1591 3887 [amuli
1622 3807 1734 3865 omnia

204 3893 252 3955 bis
264 3905 440 3974 peractum
456 3904 492 3962 in
508 3907 694 3982 semetipsis
710 3907 858 3970 abluant.
996 3913 1124 3973 occulta
1143 3913 1352 3974 dominorum
1368 3916 1451 3975 scire
1472 3912 1732 3992 permittuntur,

248 4000 385 4064 LXXIII.
427 4007 518 4080 Quod
549 4014 715 4072 contentio
753 4015 942 4091 inquietum
995 4039 1096 4099 super
1111 4041 1164 4084 eos
1178 4023 1350 4085 dominare
1366 4023 1491 4084 volunt.

202 4107 331 4167 malum
353 4111 515 4185 existens,
536 4118 684 4177 homines
702 4117 777 4178 lites
801 4119 942 4198 diiipen-
1040 4125 1185 4189 LXXXV.
1213 4129 1305 4203 Quod
1321 4131 1414 4210 homo
1429 4131 1466 4190 in
1486 4129 1637 4208 puritate
1653 4125 1731 4204 fidei
1787 4173 1789 4177 .

206 4215 255 4268 tes
273 4211 446 4274 Diabolum
461 4218 589 4278 imitari
605 4221 697 4298 facit.
995 4228 1103 4289 Deum
1118 4231 1298 4312 inteltipat,
1316 4241 1347 4296 et
1365 4233 1540 4297 diabolicas
1556 4233 1732 4293 illusiones

184 4325 187 4332 ⁴
247 4312 399 4377 LXXIIII.
425 4319 531 4380 David
547 4323 589 4382 ad
605 4325 755 4384 eamdem
771 4347 853 4390 rem.
996 4335 1036 4394 de
1054 4355 1086 4396 se
1100 4337 1266 4416 projiciat.

523 4575 772 4644 axvuclvns
797 4549 1000 4656 amoves
1024 4596 1235 4663 sscvaose
1258 4601 1406 4665 visas
